@article{savage1989motion,
  title={The motion of a finite mass of granular material down a rough incline},
  author={Savage, St B and Hutter, K},
  journal={Journal of fluid mechanics},
  volume={199},
  pages={177--215},
  year={1989},
  publisher={Cambridge University Press}
}

@inproceedings{ehlschlaeger1994uncertainty,
  title={Uncertainty in spatial data: defining, visualizing, and managing data errors},
  author={Ehlschlaeger, Charles R and Goodchild, Michael F},
  booktitle={Proceedings of GIS/LIS},
  pages={246--253},
  year={1994}
}

@article{kim2013building,
  title={Building demand-side control using thermal energy storage under uncertainty: An adaptive multiple model-based predictive control (mmpc) approach},
  author={Kim, Sean Hay},
  journal={Building and Environment},
  volume={67},
  pages={111--128},
  year={2013},
  publisher={Elsevier}
}

@article{oldewurtel2014stochastic,
  title={Stochastic model predictive control for building climate control},
  author={Oldewurtel, Frauke and Jones, Colin Neil and Parisio, Alessandra and Morari, Manfred},
  journal={IEEE Transactions on Control Systems Technology},
  volume={22},
  number={3},
  pages={1198--1205},
  year={2014},
  publisher={IEEE}
}

@inproceedings{stefanescu2012digital,
  title={Digital elevation model uncertainty and hazard analysis using a geophysical flow model},
  author={Stefanescu, ER and Bursik, M and Cordoba, G and Dalbey, K and Jones, MD and Patra, AK and Pieri, DC and Pitman, EB and Sheridan, MF},
  booktitle={Proc. R. Soc. A},
  volume={468},
  number={2142},
  pages={1543--1563},
  year={2012},
  organization={The Royal Society}
}

@article{hebeler200914,
  title={14 Modeling DEM Data Uncertainties for Monte Carlo Simulations of Ice Sheet Models},
  author={Hebeler, Felix and Purves, Ross S},
  journal={Quality aspects in spatial data mining},
  pages={175},
  year={2009}
}

@inproceedings{benson2015tensor,
  title={Tensor spectral clustering for partitioning higher-order network structures},
  author={Benson, Austin R and Gleich, David F and Leskovec, Jure},
  booktitle={Proceedings of the 2015 SIAM International Conference on Data Mining},
  pages={118--126},
  year={2015},
  organization={SIAM}
}

@article{huang2013fast,
  title={Fast detection of overlapping communities via online tensor methods},
  author={Huang, Furong and Niranjan, UN and Hakeem, Mohammad Umar and Anandkumar, Animashree},
  journal={arXiv preprint arXiv:1309.0787},
  year={2013}
}

@inproceedings{shashua2005non,
  title={Non-negative tensor factorization with applications to statistics and computer vision},
  author={Shashua, Amnon and Hazan, Tamir},
  booktitle={Proceedings of the 22nd international conference on Machine learning},
  pages={792--799},
  year={2005},
  organization={ACM}
}


@article{charbonnier2013evaluation,
  title={Evaluation of the impact of the 2010 pyroclastic density currents at Merapi volcano from high-resolution satellite imagery, field investigations and numerical simulations},
  author={Charbonnier, Sylvain J and Germa, Aurelie and Connor, Chuck B and Gertisser, Ralf and Preece, Katie and Komorowski, J-C and Lavigne, Frank and Dixon, Tim and Connor, Laura},
  journal={Journal of Volcanology and Geothermal Research},
  volume={261},
  pages={295--315},
  year={2013},
  publisher={Elsevier}
}

 @misc{volcano_world,
    title = {Volcano Discovery},
    url = {https://www.volcanodiscovery.com/volcanoes.html},
  }
  
 @misc{volcano_helens,
    title = {The Climactic Eruption of May 18, 1980},
    author={U.S. Geological Survey},
    url = {https://pubs.usgs.gov/gip/msh/climactic.html},
  }
  
 @article{jibson2000method,
  title={A method for producing digital probabilistic seismic landslide hazard maps},
  author={Jibson, Randall W and Harp, Edwin L and Michael, John A},
  journal={Engineering Geology},
  volume={58},
  number={3},
  pages={271--289},
  year={2000},
  publisher={Elsevier}
}

@article{mitasova1996modelling,
  title={Modelling topographic potential for erosion and deposition using GIS},
  author={Mitasova, Helena and Hofierka, Jaroslav and Zlocha, Maros and Iverson, Louis R},
  journal={International Journal of Geographical Information Systems},
  volume={10},
  number={5},
  pages={629--641},
  year={1996},
  publisher={Taylor \& Francis}
}



@incollection{weng2002quantifying,
  title={Quantifying uncertainty of digital elevation models derived from topographic maps},
  author={Weng, Qihao},
  booktitle={Advances in spatial data handling},
  pages={403--418},
  year={2002},
  publisher={Springer}
}

@article{oksanen2006digital,
  title={Digital elevation model error in terrain analysis},
  author={Oksanen, Juha and others},
  year={2006},
  publisher={Helsingin yliopisto}
}

@article{oksanen2005error,
  title={Error propagation of DEM-based surface derivatives},
  author={Oksanen, Juha and Sarjakoski, Tapani},
  journal={Computers \& Geosciences},
  volume={31},
  number={8},
  pages={1015--1027},
  year={2005},
  publisher={Elsevier}
}

@book{heuvelink1998error,
  title={Error propagation in environmental modelling with GIS},
  author={Heuvelink, Gerard BM},
  year={1998},
  publisher={CRC Press}
}

@article{bonadonna2005probabilistic,
  title={Probabilistic modeling of tephra dispersal: Hazard assessment of a multiphase rhyolitic eruption at Tarawera, New Zealand},
  author={Bonadonna, Costanza and Connor, Charles B and Houghton, BF and Connor, Laura and Byrne, M and Laing, A and Hincks, TK},
  journal={Journal of Geophysical Research: Solid Earth},
  volume={110},
  number={B3},
  year={2005},
  publisher={Wiley Online Library}
}

@article{somerville1997modification,
  title={Modification of empirical strong ground motion attenuation relations to include the amplitude and duration effects of rupture directivity},
  author={Somerville, Paul G and Smith, Nancy F and Graves, Robert W and Abrahamson, Norman A},
  journal={Seismological Research Letters},
  volume={68},
  number={1},
  pages={199--222},
  year={1997},
  publisher={GeoScienceWorld}
}
  
 @article{jousset20122010,
  title={The 2010 explosive eruption of Java's Merapi volcano—a ‘100-year’event},
  author={Jousset, Philippe and Pallister, John and Boichu, Marie and Buongiorno, M Fabrizia and Budisantoso, Agus and Costa, Fidel and Andreastuti, Supriyati and Prata, Fred and Schneider, David and Clarisse, Lieven and others},
  journal={Journal of volcanology and geothermal research},
  volume={241},
  pages={121--135},
  year={2012},
  publisher={Elsevier}
}

@article{thouret114surono,
  title={Surono (2010) The 2006 pyroclastic deposits of Merapi Volcano, Java, Indonesia: high-spatial resolution IKONOS images and complementary ground based observations},
  author={Thouret, JC and Gupta, A and Lube, G and Liew, Soo Chin and Cronin, SJ},
  journal={Remote sensing of environment},
  volume={114},
  number={9},
  pages={1949--1967}
}
  
 @misc{wiki_helens,
    title = {1980 eruption of Mount St. Helens},
    author={Wikipedia},
    url = {https://en.wikipedia.org/wiki/1980_eruption_of_Mount_St._Helens},
  }
  
   @misc{wiki_merapi,
    title = {2010 eruptions of Mount Merapi},
    author={Wikipedia},
    url = {https://en.wikipedia.org/wiki/2010_eruptions_of_Mount_Merapi},
  }

 @misc{volcano_us,
    title = {Volcano Hazard Programs},
    author={U.S. Geological Survey},
    url = {https://https://volcanoes.usgs.gov/index.html},
  }
 
 

@article{rupp2006colima,
  title={Computational modeling of the 1991 block and ash flows at Colima Volcano, Mexico},
  author={Rupp, Byron and Bursik, Marcus and Namikawa, Laercio and Webb, Amy and Patra, Abani K and Saucedo, Ricardo and Mac{\'\i}as, Jos{\'e} Luis and Renschler, Chris},
  journal={Geological Society of America Special Papers},
  volume={402},
  pages={237--252},
  year={2006},
  publisher={Geological Society of America}
}

@article{pitman2003computing,
  title={Computing granular avalanches and landslides},
  author={Pitman, E Bruce and Nichita, C Camil and Patra, Abani and Bauer, Andy and Sheridan, Michael and Bursik, Marcus},
  journal={Physics of fluids},
  volume={15},
  number={12},
  pages={3638--3646},
  year={2003},
  publisher={AIP}
}

@inproceedings{rupp2003colima,
  title={Simulation of pyroclastic flows of Colima volcano, Mexico, using the TITAN2D program},
  author={Rupp, B and Bursik, M and Patra, A and Pitman, B and Bauer, A and Nichita, C and Saucedo, R and Macias, J},
  booktitle={EGS-AGU-EUG Joint Assembly},
  year={2003}
}

@article{atkinson2009numerical,
  title={Numerical Solution of Fredholm Integral Equations of the Second Kind},
  author={Atkinson, Kendall and Han, Weimin},
  journal={Theoretical Numerical Analysis},
  pages={473--549},
  year={2009},
  publisher={Springer}
}

@phdthesis{rueda2005erupciones,
  title={Erupciones plinianas del Holoceno en el Volc{\'a}n Cerro Mach{\'\i}n, Colombia. Estratigraf{\'\i}a, petrograf{\'\i}a y din{\'a}mica eruptiva},
  author={Rueda, H},
  year={2005},
  school={MSc Thesis, Universidad Nacional Aut{\'o}noma de M{\'e}xico, M{\'e}xico DF, 118p}
}



@article{hansen1992numerical,
  title={Numerical tools for analysis and solution of Fredholm integral equations of the first kind},
  author={Hansen, Per Christian},
  journal={Inverse problems},
  volume={8},
  number={6},
  pages={849},
  year={1992},
  publisher={IOP Publishing}
}

@article{patra2005parallel,
  title={Parallel adaptive numerical simulation of dry avalanches over natural terrain},
  author={Patra, Abani K and Bauer, AC and Nichita, CC and Pitman, E Bruce and Sheridan, MF and Bursik, M and Rupp, B and Webber, A and Stinton, AJ and Namikawa, LM and others},
  journal={Journal of Volcanology and Geothermal Research},
  volume={139},
  number={1},
  pages={1--21},
  year={2005},
  publisher={Elsevier}
}

@book{ghanem2003stochastic,
  title={Stochastic finite elements: a spectral approach},
  author={Ghanem, Roger G and Spanos, Pol D},
  year={2003},
  publisher={Courier Corporation}
}

@article{SHERIDAN200589,
title = "Evaluating Titan2D mass-flow model using the 1963 Little Tahoma Peak avalanches, Mount Rainier, Washington",
author={Sheridan, MF and Stinton, AJ and Patra, A and Pitman, EB and Bauer, A and Nichita, CC},
journal = "Journal of Volcanology and Geothermal Research",
volume = "139",
number = "1",
pages = "89 - 102",
year = "2005"
}



@article{xie2013overlapping,
  title={Overlapping community detection in networks: The state-of-the-art and comparative study},
  author={Xie, Jierui and Kelley, Stephen and Szymanski, Boleslaw K},
  journal={Acm computing surveys (csur)},
  volume={45},
  number={4},
  pages={43},
  year={2013},
  publisher={ACM}
}


@article{blondel2008fast,
  title={Fast unfolding of communities in large networks},
  author={Blondel, Vincent D and Guillaume, Jean-Loup and Lambiotte, Renaud and Lefebvre, Etienne},
  journal={Journal of statistical mechanics: theory and experiment},
  volume={2008},
  number={10},
  pages={P10008},
  year={2008},
  publisher={IOP Publishing}
}


@article{harten1983upstream,
  title={On upstream differencing and Godunov-type schemes for hyperbolic conservation laws},
  author={Harten, Amiram and Lax, Peter D and Leer, Bram van},
  journal={SIAM review},
  volume={25},
  number={1},
  pages={35--61},
  year={1983},
  publisher={SIAM}
}

@article{patra2003data,
  title={Data structures and load balancing for parallel adaptive hp finite-element methods},
  author={Patra, AK and Laszloffy, A and Long, J},
  journal={Computers \& Mathematics with Applications},
  volume={46},
  number={1},
  pages={105--123},
  year={2003},
  publisher={Elsevier}
}

@article{laszloffy2000simple,
  title={Simple data management, scheduling and solution strategies for managing the irregularities in parallel adaptive hp finite element simulations},
  author={Laszloffy, Andras and Long, Jingping and Patra, Abani K},
  journal={Parallel Computing},
  volume={26},
  number={13},
  pages={1765--1788},
  year={2000},
  publisher={Elsevier}
}

@incollection{voight2013galeras,
  title={Galeras Volcano, Colombia},
  author={Voight, Barry and Calvache, Marta L},
  booktitle={Encyclopedia of Natural Hazards},
  pages={369--377},
  year={2013},
  publisher={Springer}
}


@article{luhr1981colima,
  title={The Colima volcanic complex, Mexico: Part II. Late-quaternary cinder cones},
  author={Luhr, James F and Carmichael, Ian SE},
  journal={Contributions to Mineralogy and Petrology},
  volume={76},
  number={2},
  pages={127--147},
  year={1981},
  publisher={Springer}
}


 @Manual{GRASS_GIS_software,
    title = {Geographic Resources Analysis Support System (GRASS GIS) Software, Version 7.2},
    author = {{GRASS Development Team}},
    organization = {Open Source Geospatial Foundation},
    year = {2017},
    url = {http://grass.osgeo.org},
  }
  
@article{felix2004relation,
  title={Relation between dry granular flow regimes and morphology of deposits: formation of lev{\'e}es in pyroclastic deposits},
  author={F{\'e}lix, Gwena{\"e}lle and Thomas, Nathalie},
  journal={Earth and Planetary Science Letters},
  volume={221},
  number={1},
  pages={197--213},
  year={2004},
  publisher={Elsevier}
}

  
@article{boudon19931984,
  title={The 1984 nu{\'e}e-ardente deposits of Merapi volcano, Central Java, Indonesia: stratigraphy, textural characteristics, and transport mechanisms},
  author={Boudon, G and Camus, G and Gourgaud, A and Lajoie, J},
  journal={Bulletin of volcanology},
  volume={55},
  number={5},
  pages={327--342},
  year={1993},
  publisher={Springer}
}


@article{takahashi2000mechanical,
  title={A mechanical model for Merapi-type pyroclastic flow},
  author={Takahashi, T and Tsujimoto, H},
  journal={Journal of Volcanology and Geothermal Research},
  volume={98},
  number={1},
  pages={91--115},
  year={2000},
  publisher={Elsevier}
}

@article{bayarri2015probabilistic,
  title={Probabilistic quantification of hazards: a methodology using small ensembles of physics-based simulations and statistical surrogates},
  author={Bayarri, MJ and Berger, JO and Calder, ES and Patra, Abani K and Pitman, E Bruce and Spiller, Elaine T and Wolpert, Robert L},
  journal={International Journal for Uncertainty Quantification},
  volume={5},
  number={4},
  year={2015},
  publisher={Begel House Inc.}
}


@article{petrie1987terrain,
  title={Terrain modelling in surveying and civil engineering},
  author={Petrie, G and Kennie, TJM},
  journal={Computer-aided design},
  volume={19},
  number={4},
  pages={171--187},
  year={1987},
  publisher={Elsevier}
}

@article{Mukherjee_2017,
	author  = {Arpan Mukherjee and Rahul Rai and Puneet  Singla and Tarunraj  Singh and Abani K. Patra},
	title   = {Comparison of Linearization and Graph Clustering Methods for Uncertainty Quantification of Large Scale Dynamical Systems},
	journal = {International Journal for Uncertainty Quantification},
	issn    = {2152-5080},
	year    = {2017},
	volume  = {7},
	number  = {1},
	pages   = {23--56}
}

@article{Mukherjee_2017overlap,
	author  = {Arpan Mukherjee and Rahul Rai and Puneet  Singla and Tarunraj  Singh and Abani K. Patra},
	title   = {Overlapping Clustering Based Technique for Uncertainty Quantification in High Dimensional Dynamical Systems},
	journal = {Journal of Computation Physics (\textit{submitted})},
}


@article{banaszuk2011scalable,
  title={Scalable approach to uncertainty quantification and robust design of interconnected dynamical systems},
  author={Banaszuk, Andrzej and Fonoberov, Vladimir A and Frewen, Thomas A and Kobilarov, Marin and Mathew, George and Mezic, Igor and Pinto, Alessandro and Sahai, Tuhin and Sane, Harshad and Speranzon, Alberto and others},
  journal={Annual Reviews in Control},
  volume={35},
  number={1},
  pages={77--98},
  year={2011},
  publisher={Elsevier}
}

@book{roberts2003random,
  title={Random vibration and statistical linearization},
  author={Roberts, John Brian and Spanos, Pol D},
  year={2003},
  publisher={Courier Corporation}
}


@article{kalman1960new,
  title={A new approach to linear filtering and prediction problems},
  author={Kalman, Rudolph Emil and others},
  journal={Journal of basic Engineering},
  volume={82},
  number={1},
  pages={35--45},
  year={1960}
}

@inproceedings{mukherjee2015non,
  title={Non-Negative Matrix Factorization Based Uncertainty Quantification Method for Complex Networked Systems},
  author={Mukherjee, Arpan and Rai, Rahul and Singla, Puneet and Singh, Tarunraj and Patra, Abani},
  booktitle={ASME 2015 International Design Engineering Technical Conferences and Computers and Information in Engineering Conference},
  pages={V02AT03A048--V02AT03A048},
  year={2015},
  organization={American Society of Mechanical Engineers}
}

@inproceedings{mukherjee2015laplacian,
  title={Laplacian graph based approach for uncertainty quantification of large scale dynamical systems},
  author={Mukherjee, Arpan and Rai, Rahul and Singla, Puneet and Singh, Tarunraj and Patra, Abani},
  booktitle={American Control Conference (ACC), 2015},
  pages={3998--4003},
  year={2015},
  organization={IEEE}
}

