@article{Mukherjee_2017,
	author  = {Arpan Mukherjee and Rahul Rai and Puneet  Singla and Tarunraj  Singh and Abani K. Patra},
	title   = {Comparison of Linearization and Graph Clustering Methods for Uncertainty Quantification of Large Scale Dynamical Systems},
	journal = {International Journal for Uncertainty Quantification},
	issn    = {2152-5080},
	year    = {2017},
	volume  = {7},
	number  = {1},
	pages   = {23--56}
}

@article{weathermap,
  title={National Weather Service},
  author={National Oceanic and Atmospheric Administration},
  year = {2018},
  url = {https://graphical.weather.gov/sectors/conus.php}
}

@article{siemens2013catalog,
  title={HVAC Components and Controls Catalog},
  author={Siemens Industry, Inc.},
  url={https://w3.usa.siemens.com/buildingtechnologies/us/en/building-automation-and-energy-management/Documents/catalog/landingPageDesktop.html},
  edition={Edition 8.0},
  year={2013},
  publisher={Siemens Industry, Inc.}
}

@article{o2010model,
  title={Model-based thermal load estimation in buildings},
  author={O'Neill, Zheng and Narayanan, Satish and Brahme, Rohini},
  journal={IBPSA-USA Journal},
  volume={4},
  number={1},
  pages={474--481},
  year={2010}
}

@article{kalman1960new,
  title={A new approach to linear filtering and prediction problems},
  author={Kalman, Rudolph Emil and others},
  journal={Journal of basic Engineering},
  volume={82},
  number={1},
  pages={35--45},
  year={1960}
}

@inproceedings{benson2015tensor,
  title={Tensor spectral clustering for partitioning higher-order network structures},
  author={Benson, Austin R and Gleich, David F and Leskovec, Jure},
  booktitle={Proceedings of the 2015 SIAM International Conference on Data Mining},
  pages={118--126},
  year={2015},
  organization={SIAM}
}

@inproceedings{mukherjee2015non,
  title={Non-Negative Matrix Factorization Based Uncertainty Quantification Method for Complex Networked Systems},
  author={Mukherjee, Arpan and Rai, Rahul and Singla, Puneet and Singh, Tarunraj and Patra, Abani},
  booktitle={ASME 2015 International Design Engineering Technical Conferences and Computers and Information in Engineering Conference},
  pages={V02AT03A048--V02AT03A048},
  year={2015},
  organization={American Society of Mechanical Engineers}
}

@inproceedings{mukherjee2015laplacian,
  title={Laplacian graph based approach for uncertainty quantification of large scale dynamical systems},
  author={Mukherjee, Arpan and Rai, Rahul and Singla, Puneet and Singh, Tarunraj and Patra, Abani},
  booktitle={American Control Conference (ACC), 2015},
  pages={3998--4003},
  year={2015},
  organization={IEEE}
}

@article{blondel2008fast,
  title={Fast unfolding of communities in large networks},
  author={Blondel, Vincent D and Guillaume, Jean-Loup and Lambiotte, Renaud and Lefebvre, Etienne},
  journal={Journal of statistical mechanics: theory and experiment},
  volume={2008},
  number={10},
  pages={P10008},
  year={2008},
  publisher={IOP Publishing}
}


@book{american20132013,
  author={ASHRAE(2013)},	
  title={2013 ASHRAE Handbook: Fundamentals},
  year={2013},
  publisher={ASHRAE}
}

@book{american20152015,
  author={ASHRAE(2015)},		
  title={2015 ASHRAE Handbook: Applications},
  year={2015},
  publisher={ASHRAE}
}

@book{american90,
  author={ASHRAE},		
  title={90.1-2013 User's Manual},
  year={2014},
  publisher={ASHRAE}
}

@book{americanenergy,
  author={ASHRAE},		
  title={ANSI/ASHRAE/IES Standard 90.1-2013. Energy Standard for Buildings Except Low-Rise Residential Buildings},
  year={2013},
  publisher={ASHRAE}
}

@article{baetens2016modelling,
  title={Modelling uncertainty in district energy simulations by stochastic residential occupant behaviour},
  author={Baetens, Ruben and Saelens, Dirk},
  journal={Journal of Building Performance Simulation},
  volume={9},
  number={4},
  pages={431--447},
  year={2016},
  publisher={Taylor \& Francis}
}

@article{ding2015uncertainty,
  title={Uncertainty Sources and Calculation Approaches for Building Energy Simulation Models},
  author={Ding, Yinchun and Shen, Yang and Wang, Jianguo and Shi, Xing},
  journal={Energy Procedia},
  volume={78},
  pages={2566--2571},
  year={2015},
  publisher={Elsevier}
}

@article{eisenhower2012uncertainty,
  title={Uncertainty and sensitivity decomposition of building energy models},
  author={Eisenhower, Bryan and O'Neill, Zheng and Fonoberov, Vladimir A and Mezi{\'c}, Igor},
  journal={Journal of Building Performance Simulation},
  volume={5},
  number={3},
  pages={171--184},
  year={2012},
  publisher={Taylor \& Francis}
}

@article{goyal2012method,
  title={A method for model-reduction of non-linear thermal dynamics of multi-zone buildings},
  author={Goyal, Siddharth and Barooah, Prabir},
  journal={Energy and Buildings},
  volume={47},
  pages={332--340},
  year={2012},
  publisher={Elsevier}
}

@inproceedings{goyal2011identification,
  title={Identification of multi-zone building thermal interaction model from data},
  author={Goyal, Siddharth and Liao, Chenda and Barooah, Prabir},
  booktitle={Decision and Control and European Control Conference (CDC-ECC), 2011 50th IEEE Conference on},
  pages={181--186},
  year={2011},
  organization={IEEE}
}

@article{he2016simplified,
  title={Simplified building thermal model used for optimal control of radiant cooling system},
  author={He, Lei and Lei, Bo and Bi, Haiquan and Yu, Tao},
  journal={Mathematical Problems in Engineering},
  volume={2016},
  year={2016},
  publisher={Hindawi Publishing Corporation}
}

@article{hirsch2006equest,
  title={eQuest, the QUick Energy Simulation Tool},
  author={Hirsch, James J and others},
  journal={DOE2. com},
  year={2006}
}


@article{vivian2017evaluation,
  title={An evaluation of the suitability of lumped-capacitance models in calculating energy needs and thermal behaviour of buildings},
  author={Vivian, Jacopo and Zarrella, Angelo and Emmi, Giuseppe and De Carli, Michele},
  journal={Energy and Buildings},
  year={2017},
  publisher={Elsevier}
}

@article{jara2016new,
  title={A new analytical approach for simplified thermal modelling of buildings: Self-Adjusting RC-network model},
  author={Jara, Enrique {\'A} Rodr{\'\i}guez and de la Flor, Francisco J S{\'a}nchez and Dom{\'\i}nguez, Servando {\'A}lvarez and F{\'e}lix, Jos{\'e} L Molina and Liss{\'e}n, Jos{\'e} M Salmer{\'o}n},
  journal={Energy and Buildings},
  volume={130},
  pages={85--97},
  year={2016},
  publisher={Elsevier}
}

@article{kavgic2015application,
  title={Application of a Monte Carlo model to predict space heating energy use of Belgrade's housing stock},
  author={Kavgic, Miroslava and Summerfield, Alex and Mumovic, Dejan and Stevanovic, Zarko},
  journal={Journal of Building Performance Simulation},
  volume={8},
  number={6},
  pages={375--390},
  year={2015},
  publisher={Taylor \& Francis}
}

@article{kelman2013analysis,
  title={Analysis of local optima in predictive control for energy efficient buildings},
  author={Kelman, Anthony and Ma, Yudong and Borrelli, Francesco},
  journal={Journal of Building Performance Simulation},
  volume={6},
  number={3},
  pages={236--255},
  year={2013},
  publisher={Taylor \& Francis}
}

@article{kircher2015lumped,
  title={On the lumped capacitance approximation accuracy in RC network building models},
  author={Kircher, Kevin J and Zhang, K Max},
  journal={Energy and Buildings},
  volume={108},
  pages={454--462},
  year={2015},
  publisher={Elsevier}
}

@article{hirsch2003doe,
  title={Doe 2.2 building energy use and cost analysis program},
  author={Hirsch, James J and others},
  journal={See http://www. doe2. com},
  year={2003}
}

@article{maasoumy2014handling,
  title={Handling model uncertainty in model predictive control for energy efficient buildings},
  author={Maasoumy, Mehdi and Razmara, M and Shahbakhti, M and Vincentelli, A Sangiovanni},
  journal={Energy and Buildings},
  volume={77},
  pages={377--392},
  year={2014},
  publisher={Elsevier}
}

@book{marion1995user,
  title={User's Manual for TMY2s: Typical Meteorological Years: Derived from the 1961-1990 National Solar Radiation Data Base},
  author={Marion, William and Urban, Ken},
  year={1995},
  publisher={National Renewable Energy Laboratory}
}

@article{o2010model,
  title={Model-based thermal load estimation in buildings},
  author={O'Neill, Zheng and Narayanan, Satish and Brahme, Rohini},
  journal={IBPSA-USA Journal},
  volume={4},
  number={1},
  pages={474--481},
  year={2010}
}

@inproceedings{oldewurtel2010energy,
  title={Energy efficient building climate control using stochastic model predictive control and weather predictions},
  author={Oldewurtel, Frauke and Parisio, Alessandra and Jones, Colin N and Morari, Manfred and Gyalistras, Dimitrios and Gwerder, Markus and Stauch, Vanessa and Lehmann, Beat and Wirth, Katharina},
  booktitle={American control conference (ACC), 2010},
  pages={5100--5105},
  year={2010},
  organization={IEEE}
}

@article{perera2014modeling,
  title={Modeling and Simulation of A Multi-Zone Building for Better Control},
  author={Perera, Degurunnehalage Wathsala U and Pfeiffer, Carlos and Skeie, Nils-Olav},
  year={2014},
  publisher={Link{\"o}pings Universitet Electronic Press}
}

@article{ramallo2013lumped,
  title={Lumped parameter models for building thermal modelling: An analytic approach to simplifying complex multi-layered constructions},
  author={Ramallo-Gonz{\'a}lez, Alfonso P and Eames, Matthew E and Coley, David A},
  journal={Energy and Buildings},
  volume={60},
  pages={174--184},
  year={2013},
  publisher={Elsevier}
}

@article{rysanek2013optimum,
  title={Optimum building energy retrofits under technical and economic uncertainty},
  author={Rysanek, AM and Choudhary, R},
  journal={Energy and Buildings},
  volume={57},
  pages={324--337},
  year={2013},
  publisher={Elsevier}
}

@article{nyspublic,
 author= {New York State Department of Public Service},
 title={System Benefits Charge},
 year={2011},
 url = {http://www3.dps.ny.gov/W/PSCWeb.nsf/All/58290EDB9AE5A89085257687006F38D1?OpenDocument}
}

@article{statedirect,
  title={Directing State Agencies and Authorities to Improve the Energy Efficiency of State Buildings},
  author={New York State},
  year = {2010},
  url = {http://www.governor.ny.gov/sites/governor.ny.gov/files/atoms/files/EO88_0.pdf}
}

@article{sun2015quantification,
  title={Quantification of model form uncertainty in the calculation of solar diffuse irradiation on inclined surfaces for building energy simulation},
  author={Sun, Yuming and Su, Heng and Wu, CF Jeff and Augenbroe, Godfried},
  journal={Journal of Building Performance Simulation},
  volume={8},
  number={4},
  pages={253--265},
  year={2015},
  publisher={Taylor \& Francis}
}

@article{underwood2014improved,
  title={An improved lumped parameter method for building thermal modelling},
  author={Underwood, CP},
  journal={Energy and Buildings},
  volume={79},
  pages={191--201},
  year={2014},
  publisher={Elsevier}
}

@article{wang2006parameter,
  title={Parameter estimation of internal thermal mass of building dynamic models using genetic algorithm},
  author={Wang, Shengwei and Xu, Xinhua},
  journal={Energy conversion and management},
  volume={47},
  number={13},
  pages={1927--1941},
  year={2006},
  publisher={Elsevier}
}

@article{de2011longitudinal,
  title={Longitudinal prediction of the operational energy use of buildings},
  author={de Wilde, Pieter and Tian, Wei and Augenbroe, Godfried},
  journal={Building and Environment},
  volume={46},
  number={8},
  pages={1670--1680},
  year={2011},
  publisher={Elsevier}
}

@misc{winklemann2003underground,
  title={Underground Surfaces: How to get Better Underground Surface Heat Transfer Calculations in DOE2.1E},
  author={Winklemann, F},
  year={2003},
  publisher={Berkeley, CA: LBNL}
}

@misc{woloszyn2017treating,
  title={Treating uncertainty in building performance simulation},
  author={Woloszyn, Monika and Beausoleil-Morrison, Ian},
  year={2017},
  publisher={Taylor \& Francis}
}

@article{rodriguez2013uncertainties,
  title={Uncertainties and sensitivity analysis in building energy simulation using macroparameters},
  author={Rodr{\'\i}guez, Gloria Calleja and Andr{\'e}s, Antonio Carrillo and Mu{\~n}oz, Fernando Dom{\'\i}nguez and L{\'o}pez, Jos{\'e} Manuel Cejudo and Zhang, Yi},
  journal={Energy and Buildings},
  volume={67},
  pages={79--87},
  year={2013},
  publisher={Elsevier}
}


@software{EPlus,
  author = {{U.S Department of Energy}},
  title = {EnergyPlus},
  url = {https://energyplus.net/},
  version = {8.2.0},
  year={2014},
}

@software{trace,
  author = {{TRANE}},
  title = {TRACE 700},
  url = {http://www.trane.com/commercial/north-america/us/en/products-systems/design-and-analysis-tools/analysis-tools/trace-700.html},
  version = {6.3.3},
  year={2017},
}

@software{HAP,
  author = {Carrier},
  title = {HAP},
  url = {https://www.carrier.com/commercial/en/us/software/hvac-system-design/hourly-analysis-program/},
  version = {5.10},
  year={2017},
}

@misc{useia2009,
 author = {U.S. Energy Information Administration},
 title = {Emissions of Greenhouse Gases in the United States 2009},
 url = {https://www.eia.gov/environment/emissions/ghg_report/pdf/tbl3.pdf},
 year = {2011}
}

@misc{useia2017,
 author = {U.S. Energy Information Administration},
 title = {Energy consumption estimates by sector},
 url = {https://www.eia.gov/consumption/},
 year = {2017}
}

@misc{resnet2010,
 author = {RESNET},
 title = {Commercial Buildings Energy Modeling Guidelines and Procedures},
 url = {https://www.comnet.org},
 year = {2010}
}

@article{council2015international,
  title={International Mechanical Code},
  author={Council, Internal Code},
  year={2015}
}

@book{marion1995user,
  title={User's Manual for TMY2s: Typical Meteorological Years: Derived from the 1961-1990 National Solar Radiation Data Base},
  author={Marion, William and Urban, Ken},
  year={1995},
  publisher={National Renewable Energy Laboratory}
}

@techreport{fisher1997convective,
  title={Convective heat transfer in building energy and thermal load calculations},
  author={Fisher, Daniel E and Pedersen, Curtis O},
  year={1997},
  institution={American Society of Heating, Refrigerating and Air-Conditioning Engineers, Inc., Atlanta, GA (United States)}
}

@article{doe2016energyplus,
  title={Energyplus Engineering Reference},
  author={US Department of Energy},
  journal={EnergyPlus Version 8.7 Documentation},
  year={2016}
}

@article{tian2013review,
  title={A review of sensitivity analysis methods in building energy analysis},
  author={Tian, Wei},
  journal={Renewable and Sustainable Energy Reviews},
  volume={20},
  pages={411--419},
  year={2013},
  publisher={Elsevier}
}


@article{nguyen2014review,
  title={A review on simulation-based optimization methods applied to building performance analysis},
  author={Nguyen, Anh-Tuan and Reiter, Sigrid and Rigo, Philippe},
  journal={Applied Energy},
  volume={113},
  pages={1043--1058},
  year={2014},
  publisher={Elsevier}
}

@article{perez1990modeling,
  title={Modeling daylight availability and irradiance components from direct and global irradiance},
  author={Perez, Richard and Ineichen, Pierre and Seals, Robert and Michalsky, Joseph and Stewart, Ronald},
  journal={Solar energy},
  volume={44},
  number={5},
  pages={271--289},
  year={1990},
  publisher={Elsevier}
}

@inproceedings{oldewurtel2010energy,
  title={Energy efficient building climate control using stochastic model predictive control and weather predictions},
  author={Oldewurtel, Frauke and Parisio, Alessandra and Jones, Colin N and Morari, Manfred and Gyalistras, Dimitrios and Gwerder, Markus and Stauch, Vanessa and Lehmann, Beat and Wirth, Katharina},
  booktitle={American control conference (ACC), 2010},
  pages={5100--5105},
  year={2010},
  organization={IEEE}
}

@book{muneer2007solar,
  title={Solar radiation and daylight models},
  author={Muneer, Tariq},
  year={2007},
  publisher={Routledge}
}

@article{privara2011model,
  title={Model predictive control of a building heating system: The first experience},
  author={Privara, Samuel and {\v{S}}irok{\`y}, Jan and Ferkl, Luk{\'a}{\v{s}} and Cigler, Ji{\v{r}}{\'\i}},
  journal={Energy and Buildings},
  volume={43},
  number={2},
  pages={564--572},
  year={2011},
  publisher={Elsevier}
}

@article{gueymard2009direct,
  title={Direct and indirect uncertainties in the prediction of tilted irradiance for solar engineering applications},
  author={Gueymard, Christian A},
  journal={Solar Energy},
  volume={83},
  number={3},
  pages={432--444},
  year={2009},
  publisher={Elsevier}
}

@article{huang2011model,
  title={Model predictive control of VAV zone thermal systems concerning bi-linearity and gain nonlinearity},
  author={Huang, Gongsheng},
  journal={Control Engineering Practice},
  volume={19},
  number={7},
  pages={700--710},
  year={2011},
  publisher={Elsevier}
}

@article{goyal2012method,
  title={A method for model-reduction of non-linear thermal dynamics of multi-zone buildings},
  author={Goyal, Siddharth and Barooah, Prabir},
  journal={Energy and Buildings},
  volume={47},
  pages={332--340},
  year={2012},
  publisher={Elsevier}
}

@article{vsiroky2011experimental,
  title={Experimental analysis of model predictive control for an energy efficient building heating system},
  author={{\v{S}}irok{\`y}, Jan and Oldewurtel, Frauke and Cigler, Ji{\v{r}}{\'\i} and Pr{\'\i}vara, Samuel},
  journal={Applied energy},
  volume={88},
  number={9},
  pages={3079--3087},
  year={2011},
  publisher={Elsevier}
}

@article{ma2012predictive,
  title={Predictive control for energy efficient buildings with thermal storage: Modeling, stimulation, and experiments},
  author={Ma, Yudong and Kelman, Anthony and Daly, Allan and Borrelli, Francesco},
  journal={IEEE Control Systems},
  volume={32},
  number={1},
  pages={44--64},
  year={2012},
  publisher={IEEE}
}

@article{ma2012model,
  title={Model predictive control for the operation of building cooling systems},
  author={Ma, Yudong and Borrelli, Francesco and Hencey, Brandon and Coffey, Brian and Bengea, Sorin and Haves, Philip},
  journal={IEEE Transactions on control systems technology},
  volume={20},
  number={3},
  pages={796--803},
  year={2012},
  publisher={IEEE}
}

@article{oldewurtel2012use,
  title={Use of model predictive control and weather forecasts for energy efficient building climate control},
  author={Oldewurtel, Frauke and Parisio, Alessandra and Jones, Colin N and Gyalistras, Dimitrios and Gwerder, Markus and Stauch, Vanessa and Lehmann, Beat and Morari, Manfred},
  journal={Energy and Buildings},
  volume={45},
  pages={15--27},
  year={2012},
  publisher={Elsevier}
}

@article{mossolly2009optimal,
  title={Optimal control strategy for a multi-zone air conditioning system using a genetic algorithm},
  author={Mossolly, M and Ghali, K and Ghaddar, N},
  journal={Energy},
  volume={34},
  number={1},
  pages={58--66},
  year={2009},
  publisher={Elsevier}
}

@article{kim2013building,
  title={Building demand-side control using thermal energy storage under uncertainty: An adaptive multiple model-based predictive control (mmpc) approach},
  author={Kim, Sean Hay},
  journal={Building and Environment},
  volume={67},
  pages={111--128},
  year={2013},
  publisher={Elsevier}
}

@article{liao2004simplified,
  title={A simplified physical model for estimating the average air temperature in multi-zone heating systems},
  author={Liao, Z and Dexter, AL},
  journal={Building and environment},
  volume={39},
  number={9},
  pages={1013--1022},
  year={2004},
  publisher={Elsevier}
}

@inproceedings{agbi2012parameter,
  title={Parameter identifiability for multi-zone building models},
  author={Agbi, Clarence and Song, Zhen and Krogh, Bruce},
  booktitle={Decision and Control (CDC), 2012 IEEE 51st Annual Conference on},
  pages={6951--6956},
  year={2012},
  organization={IEEE}
}

@article{kavgic2015application,
  title={Application of a Monte Carlo model to predict space heating energy use of Belgrade's housing stock},
  author={Kavgic, Miroslava and Summerfield, Alex and Mumovic, Dejan and Stevanovic, Zarko},
  journal={Journal of Building Performance Simulation},
  volume={8},
  number={6},
  pages={375--390},
  year={2015},
  publisher={Taylor \& Francis}
}

@article{maasoumy2014handling,
  title={Handling model uncertainty in model predictive control for energy efficient buildings},
  author={Maasoumy, Mehdi and Razmara, M and Shahbakhti, M and Vincentelli, A Sangiovanni},
  journal={Energy and Buildings},
  volume={77},
  pages={377--392},
  year={2014},
  publisher={Elsevier}
}

@article{rodriguez2013uncertainties,
  title={Uncertainties and sensitivity analysis in building energy simulation using macroparameters},
  author={Rodr{\'\i}guez, Gloria Calleja and Andr{\'e}s, Antonio Carrillo and Mu{\~n}oz, Fernando Dom{\'\i}nguez and L{\'o}pez, Jos{\'e} Manuel Cejudo and Zhang, Yi},
  journal={Energy and Buildings},
  volume={67},
  pages={79--87},
  year={2013},
  publisher={Elsevier}
}

@article{li2017development,
  title={Development of a Simplified Resistance and Capacitance (RC)-network Model for Pipe-embedded Concrete Radiant Floors},
  author={Li, Anbang and Sun, Yongjun and Xu, Xinhua},
  journal={Energy and Buildings},
  year={2017},
  publisher={Elsevier}
}