@article{d2000genetic,
  title={Genetic network inference: from co-expression clustering to reverse engineering},
  author={Dâ€™haeseleer, Patrik and Liang, Shoudan and Somogyi, Roland},
  journal={Bioinformatics},
  volume={16},
  number={8},
  pages={707--726},
  year={2000},
  publisher={Oxford Univ Press}
}


@article{ott2008echo,
  title={Echo phenomena in large systems of coupled oscillators},
  author={Ott, Edward and Platig, John H and Antonsen, Thomas M and Girvan, Michelle},
  journal={Chaos: An Interdisciplinary Journal of Nonlinear Science},
  volume={18},
  number={3},
  pages={037115},
  year={2008},
  publisher={AIP Publishing}
}

@article{mirollo1990synchronization,
  title={Synchronization of pulse-coupled biological oscillators},
  author={Mirollo, Renato E and Strogatz, Steven H},
  journal={SIAM Journal on Applied Mathematics},
  volume={50},
  number={6},
  pages={1645--1662},
  year={1990},
  publisher={SIAM}
}

@article{strogatz2001exploring,
  title={Exploring complex networks},
  author={Strogatz, Steven H},
  journal={Nature},
  volume={410},
  number={6825},
  pages={268--276},
  year={2001},
  publisher={Nature Publishing Group}
}

@article{antonelli2013interconnected,
  title={Interconnected Dynamic Systems AN OVERVIEW ON DISTRIBUTED CONTROL},
  author={Antonelli, Gianluca},
  journal={IEEE Control Systems Magazine},
  volume={33},
  number={1},
  pages={76--88},
  year={2013},
  publisher={IEEE-INST ELECTRICAL ELECTRONICS ENGINEERS INC 445 HOES LANE, PISCATAWAY, NJ 08855-4141 USA}
}

@article{shadden2005definition,
  title={Definition and properties of Lagrangian coherent structures from finite-time Lyapunov exponents in two-dimensional aperiodic flows},
  author={Shadden, Shawn C and Lekien, Francois and Marsden, Jerrold E},
  journal={Physica D: Nonlinear Phenomena},
  volume={212},
  number={3},
  pages={271--304},
  year={2005},
  publisher={Elsevier}
}

@article{van1920theory,
  title={A theory of the amplitude of free and forced triode vibrations},
  author={Van der Pol, B},
  journal={Radio Review},
  volume={1},
  number={1920},
  pages={701--710},
  year={1920}
}

@article{heagy1994synchronous,
  title={Synchronous chaos in coupled oscillator systems},
  author={Heagy, JF and Carroll, TL and Pecora, LM},
  journal={Physical Review E},
  volume={50},
  number={3},
  pages={1874},
  year={1994},
  publisher={APS}
}

@article{haller2002lagrangian,
  title={Lagrangian coherent structures from approximate velocity data},
  author={Haller, George},
  journal={Physics of Fluids (1994-present)},
  volume={14},
  number={6},
  pages={1851--1861},
  year={2002},
  publisher={AIP Publishing}
}

@article{banaszuk2011scalable,
  title={Scalable approach to uncertainty quantification and robust design of interconnected dynamical systems},
  author={Banaszuk, Andrzej and Fonoberov, Vladimir A and Frewen, Thomas A and Kobilarov, Marin and Mathew, George and Mezic, Igor and Pinto, Alessandro and Sahai, Tuhin and Sane, Harshad and Speranzon, Alberto and others},
  journal={Annual Reviews in Control},
  volume={35},
  number={1},
  pages={77--98},
  year={2011},
  publisher={Elsevier}
}

@article{green2007detection,
  title={Detection of Lagrangian coherent structures in three-dimensional turbulence},
  author={Green, MA and Rowley, CW and Haller, George},
  journal={Journal of Fluid Mechanics},
  volume={572},
  pages={111--120},
  year={2007},
  publisher={Cambridge Univ Press}
}

@book{schiesser1991numerical,
  title={The numerical method of lines},
  author={Schiesser, William E},
  year={1991},
  publisher={Academic Press}
}

@book{martynyuk2012weakly,
  title={Weakly connected nonlinear systems: boundedness and stability of motion},
  author={Martynyuk, Anatoly and Chernetskaya, Larisa and Martynyuk, Vladislav},
  year={2012},
  publisher={CRC Press}
}

@book{michel1977qualitative,
  title={Qualitative analysis of large scale dynamical systems},
  author={Michel, Anthony N and Miller, Richard K},
  volume={4},
  year={1977},
  publisher={Academic Press New York}
}

@article{silver1967multiple,
  title={Multiple quantum resonance spectroscopy through weakly connected superconductors},
  author={Silver, AH and Zimmerman, JE},
  journal={Applied Physics Letters},
  volume={10},
  number={5},
  pages={142--145},
  year={1967},
  publisher={AIP Publishing}
}

@article{lee1999learning,
  title={Learning the parts of objects by non-negative matrix factorization},
  author={Lee, Daniel D and Seung, H Sebastian},
  journal={Nature},
  volume={401},
  number={6755},
  pages={788--791},
  year={1999},
  publisher={Nature Publishing Group}
}


@article{psorakis2011overlapping,
  title={Overlapping community detection using bayesian non-negative matrix factorization},
  author={Psorakis, Ioannis and Roberts, Stephen and Ebden, Mark and Sheldon, Ben},
  journal={Physical Review E},
  volume={83},
  number={6},
  pages={066114},
  year={2011},
  publisher={APS}
}

@article{barkow2006bicat,
  title={BicAT: a biclustering analysis toolbox},
  author={Barkow, Simon and Bleuler, Stefan and Preli{\'c}, Amela and Zimmermann, Philip and Zitzler, Eckart},
  journal={Bioinformatics},
  volume={22},
  number={10},
  pages={1282--1283},
  year={2006},
  publisher={Oxford Univ Press}
}

@article{van2001graph,
  title={Graph clustering by flow simulation},
  author={Van Dongen, Stijn Marinus},
  year={2001}
}

@article{prelic2006systematic,
  title={A systematic comparison and evaluation of biclustering methods for gene expression data},
  author={Preli{\'c}, Amela and Bleuler, Stefan and Zimmermann, Philip and Wille, Anja and B{\"u}hlmann, Peter and Gruissem, Wilhelm and Hennig, Lars and Thiele, Lothar and Zitzler, Eckart},
  journal={Bioinformatics},
  volume={22},
  number={9},
  pages={1122--1129},
  year={2006},
  publisher={Oxford Univ Press}
}

@incollection{schmidt2009bayesian,
  title={Bayesian non-negative matrix factorization},
  author={Schmidt, Mikkel N and Winther, Ole and Hansen, Lars Kai},
  booktitle={Independent Component Analysis and Signal Separation},
  pages={540--547},
  year={2009},
  publisher={Springer}
}




@article{prelic2006systematic,
  title={A systematic comparison and evaluation of biclustering methods for gene expression data},
  author={Preli{\'c}, Amela and Bleuler, Stefan and Zimmermann, Philip and Wille, Anja and B{\"u}hlmann, Peter and Gruissem, Wilhelm and Hennig, Lars and Thiele, Lothar and Zitzler, Eckart},
  journal={Bioinformatics},
  volume={22},
  number={9},
  pages={1122--1129},
  year={2006},
  publisher={Oxford Univ Press}
}

@incollection{schwemmer2012theory,
  title={The theory of weakly coupled oscillators},
  author={Schwemmer, Michael A and Lewis, Timothy J},
  booktitle={Phase Response Curves in Neuroscience},
  pages={3--31},
  year={2012},
  publisher={Springer}
}

@article{hoppensteadt1998thalamo,
  title={Thalamo-cortical interactions modeled by weakly connected oscillators: could the brain use FM radio principles?},
  author={Hoppensteadt, Frank C and Izhikevich, Eugene M},
  journal={Biosystems},
  volume={48},
  number={1},
  pages={85--94},
  year={1998},
  publisher={Elsevier}
}

@article{izhikevich2006weakly,
  title={Weakly coupled oscillators},
  author={Izhikevich, Eugene M and Kuramoto, Yoshiki},
  journal={Encyclopedia of mathematical physics},
  volume={5},
  pages={448},
  year={2006}
}

@article{bonnin2008periodic,
  title={Periodic oscillations in weakly connected cellular nonlinear networks},
  author={Bonnin, Michele and Corinto, Fernando and Gilli, Marco},
  journal={Circuits and Systems I: Regular Papers, IEEE Transactions on},
  volume={55},
  number={6},
  pages={1671--1684},
  year={2008},
  publisher={IEEE}
}

@article{lorenz1963deterministic,
  title={Deterministic nonperiodic flow},
  author={Lorenz, Edward N},
  journal={Journal of the atmospheric sciences},
  volume={20},
  number={2},
  pages={130--141},
  year={1963}
}

@article{rossler1976equation,
  title={An equation for continuous chaos},
  author={R{\"o}ssler, Otto E},
  journal={Physics Letters A},
  volume={57},
  number={5},
  pages={397--398},
  year={1976},
  publisher={Elsevier}
}

@book{zeigler2000theory,
  title={Theory of modeling and simulation: integrating discrete event and continuous complex dynamic systems},
  author={Zeigler, Bernard P and Praehofer, Herbert and Kim, Tag Gon},
  year={2000},
  publisher={Academic press}
}

@book{fishman1996monte,
      author        = "Fishman, George S",
      title         = "{Monte carlo: concepts, algorithms, and applications}",
      publisher     = "Springer",
      address       = "New York",
      series        = "Springer Series in Operations Research",
      year          = "1996",
}

@inproceedings{julier1997new,
  title={A new extension of the Kalman filter to nonlinear systems},
  author={Julier, Simon J and Uhlmann, Jeffrey K},
  booktitle={Int. symp. aerospace/defense sensing, simul. and controls},
  volume={3},
  number={26},
  pages={3--2},
  year={1997},
  organization={Orlando, FL}
}

@article{melchers1989importance,
  title={Importance sampling in structural systems},
  author={Melchers, RE},
  journal={Structural safety},
  volume={6},
  number={1},
  pages={3--10},
  year={1989},
  publisher={Elsevier}
}

@article{izhikevich1999weakly,
  title={Weakly connected quasi-periodic oscillators, FM interactions, and multiplexing in the brain},
  author={Izhikevich, Eugene M},
  journal={SIAM Journal on Applied Mathematics},
  volume={59},
  number={6},
  pages={2193--2223},
  year={1999},
  publisher={SIAM}
}

@article{vakakis2003dynamics,
  title={Dynamics of linear discrete systems connected to local, essentially non-linear attachments},
  author={Vakakis, Alexander F and Manevitch, LI and Gendelman, Oleg and Bergman, Lawrence},
  journal={Journal of Sound and Vibration},
  volume={264},
  number={3},
  pages={559--577},
  year={2003},
  publisher={Elsevier}
}

@article{gacic1998coherency,
  title={Coherency recognition using epsilon decomposition},
  author={Gacic, N and Zecevic, AI and Siljak, DD},
  journal={IEEE transactions on power systems},
  volume={13},
  number={2},
  pages={314--319},
  year={1998},
  publisher={Institute of Electrical and Electronics Engineers}
}

@inproceedings{mezic2004coupled,
  title={Coupled nonlinear dynamical systems: Asymptotic behavior and uncertainty propagation},
  author={Mezic, Igor},
  booktitle={Decision and Control, 2004. CDC. 43rd IEEE Conference on},
  volume={2},
  pages={1778--1783},
  year={2004},
  organization={IEEE}
}

@book{stroud1966gaussian,
      author        = "Stroud, Arthur H and Secrest, Don",
      title         = "{Gaussian quadrature formulas}",
      publisher     = "Prentice-Hall",
      address       = "Englewood Cliffs, NJ",
      series        = "Prentice-Hall series in automatic computation",
      year          = "1966",
}

@article{xiu2002wiener,
  title={The Wiener--Askey polynomial chaos for stochastic differential equations},
  author={Xiu, Dongbin and Karniadakis, George Em},
  journal={SIAM Journal on Scientific Computing},
  volume={24},
  number={2},
  pages={619--644},
  year={2002},
  publisher={SIAM}
}

@article{wang2011two,
  title={Two-level discretizations of nonlinear closure models for proper orthogonal decomposition},
  author={Wang, Zhu and Akhtar, Imran and Borggaard, Jeff and Iliescu, Traian},
  journal={Journal of Computational Physics},
  volume={230},
  number={1},
  pages={126--146},
  year={2011},
  publisher={Elsevier}
}

@article{he2011enhanced,
  title={Enhanced linearized reduced-order models for subsurface flow simulation},
  author={He, Jincong and S{\ae}trom, J and Durlofsky, Louis J},
  journal={Journal of Computational Physics},
  volume={230},
  number={23},
  pages={8313--8341},
  year={2011},
  publisher={Elsevier}
}

@article{rossler1976equation,
  title={An equation for continuous chaos},
  author={R{\"o}ssler, Otto E},
  journal={Physics Letters A},
  volume={57},
  number={5},
  pages={397--398},
  year={1976},
  publisher={Elsevier}
}

@incollection{georgiou1992linear,
  title={Linear systems and robustness: a graph point of view},
  author={Georgiou, Tryphon T and Smith, Malcolm C},
  booktitle={Robust Control},
  pages={114--121},
  year={1992},
  publisher={Springer}
}

@article{guardone2002roe,
  title={Roe linearization for the van der Waals gas},
  author={Guardone, A and Vigevano, L},
  journal={Journal of Computational Physics},
  volume={175},
  number={1},
  pages={50--78},
  year={2002},
  publisher={Elsevier}
}

@article{steeb1980non,
  title={Non-linear autonomous systems of differential equations and Carleman linearization procedure},
  author={Steeb, W-H and Wilhelm, F},
  journal={Journal of Mathematical Analysis and Applications},
  volume={77},
  number={2},
  pages={601--611},
  year={1980},
  publisher={Elsevier}
}

@article{carbonell2007numerical,
  title={Numerical simulation of nonlinear dynamical systems driven by commutative noise},
  author={Carbonell, Felix and Biscay, Rolando J and Jim{\'e}nez, Juan C and de la Cruz, Hugo},
  journal={Journal of Computational Physics},
  volume={226},
  number={2},
  pages={1219--1233},
  year={2007},
  publisher={Elsevier}
}

@article{de2012efficient,
  title={Efficient evaluation of the direct and adjoint linearized dynamics from compressible flow solvers},
  author={De Pando, Miguel Fosas and Sipp, Denis and Schmid, Peter J},
  journal={Journal of Computational Physics},
  volume={231},
  number={23},
  pages={7739--7755},
  year={2012},
  publisher={Elsevier}
}

@article{laxalde2009complex,
  title={Complex non-linear modal analysis for mechanical systems: Application to turbomachinery bladings with friction interfaces},
  author={Laxalde, Denis and Thouverez, Fabrice},
  journal={Journal of sound and vibration},
  volume={322},
  number={4},
  pages={1009--1025},
  year={2009},
  publisher={Elsevier}
}

@article{krack2013reduced,
  title={Reduced order modeling based on complex nonlinear modal analysis and its application to bladed disks with shroud contact},
  author={Krack, Malte and Panning-von Scheidt, Lars and Wallaschek, J{\"o}rg and Siewert, Christian and Hartung, Andreas},
  journal={Journal of Engineering for Gas Turbines and Power},
  volume={135},
  number={10},
  pages={102502},
  year={2013},
  publisher={American Society of Mechanical Engineers}
}

@article{matthies2003nonlinear,
  title={Nonlinear Galerkin methods for the model reduction of nonlinear dynamical systems},
  author={Matthies, Hermann G and Meyer, Marcus},
  journal={Computers \& structures},
  volume={81},
  number={12},
  pages={1277--1286},
  year={2003},
  publisher={Elsevier}
}

@article{carlberg2013gnat,
  title={The GNAT method for nonlinear model reduction: effective implementation and application to computational fluid dynamics and turbulent flows},
  author={Carlberg, Kevin and Farhat, Charbel and Cortial, Julien and Amsallem, David},
  journal={Journal of Computational Physics},
  volume={242},
  pages={623--647},
  year={2013},
  publisher={Elsevier}
}

@article{steindl2001methods,
  title={Methods for dimension reduction and their application in nonlinear dynamics},
  author={Steindl, Alois and Troger, Hans},
  journal={International Journal of Solids and Structures},
  volume={38},
  number={10},
  pages={2131--2147},
  year={2001},
  publisher={Elsevier}
}

@inproceedings{adurthi2012conjugate,
  title={The conjugate unscented transformâ€”an approach to evaluate multi-dimensional expectation integrals},
  author={Adurthi, Nagavenkat and Singla, Puneet and Singh, Tarunraj},
  booktitle={American Control Conference (ACC), 2012},
  pages={5556--5561},
  year={2012},
  organization={IEEE}
}

@article{arasaratnam2009cubature,
  title={Cubature kalman filters},
  author={Arasaratnam, Ienkaran and Haykin, Simon},
  journal={Automatic Control, IEEE Transactions on},
  volume={54},
  number={6},
  pages={1254--1269},
  year={2009},
  publisher={IEEE}
}

@article{caflisch1998monte,
  title={Monte carlo and quasi-monte carlo methods},
  author={Caflisch, Russel E},
  journal={Acta numerica},
  volume={7},
  pages={1--49},
  year={1998},
  publisher={Cambridge Univ Press}
}

@misc{perkodifferential,
  title={Differential equations and dynamical systems, 1991},
  author={Perko, L},
  publisher={Springer-Verlag, New York}
}

@article{Katok1995,
      author        = "Katok, Anatole and Hasselblatt, Boris",
      title         = "{Introduction to the modern theory of dynamical systems}",
      publisher     = "Cambridge Univ. Press",
      address       = "Cambridge",
      series        = "Encyclopaedia of mathematics and its applications",
      year          = "1995",
}

@article{von2007tutorial,
  title={A tutorial on spectral clustering},
  author={Von Luxburg, Ulrike},
  journal={Statistics and computing},
  volume={17},
  number={4},
  pages={395--416},
  year={2007},
  publisher={Springer}
}

@book{chung1997spectral,
  title={Spectral graph theory},
  author={Chung, Fan RK},
  volume={92},
  year={1997},
  publisher={American Mathematical Soc.}
}

@article{fiedler1973algebraic,
  title={Algebraic connectivity of graphs},
  author={Fiedler, Miroslav},
  journal={Czechoslovak Mathematical Journal},
  volume={23},
  number={2},
  pages={298--305},
  year={1973},
  publisher={Institute of Mathematics, Academy of Sciences of the Czech Republic}
}

@inproceedings{varigonda2004graph,
  title={Graph decomposition methods for uncertainty propagation in complex, nonlinear interconnected dynamical systems},
  author={Varigonda, Subbarao and Kalm{\'a}r-N{\'a}gy, Tam{\'a}s and LaBarre, Bob and Mezic, Igor},
  booktitle={Decision and Control, 2004. CDC. 43rd IEEE Conference on},
  volume={2},
  pages={1794--1798},
  year={2004},
  organization={IEEE}
}

@article{mezic2005spectral,
  title={Spectral properties of dynamical systems, model reduction and decompositions},
  author={Mezi{\'c}, Igor},
  journal={Nonlinear Dynamics},
  volume={41},
  number={1-3},
  pages={309--325},
  year={2005},
  publisher={Springer}
}

@article{wolfowitz1963products,
  title={Products of indecomposable, aperiodic, stochastic matrices},
  author={Wolfowitz, Jacob},
  journal={Proceedings of the American Mathematical Society},
  volume={14},
  number={5},
  pages={733--737},
  year={1963},
  publisher={JSTOR}
}

@article{mohar1991laplacian,
  title={The Laplacian spectrum of graphs},
  author={Mohar, Bojan and Alavi, Y},
  journal={Graph theory, combinatorics, and applications},
  volume={2},
  pages={871--898},
  year={1991}
}

@book{chung1997spectral,
  title={Spectral graph theory},
  author={Chung, Fan RK},
  volume={92},
  year={1997},
  publisher={American Mathematical Soc.}
}


@incollection{dellnitz2003congestion,
  title={Congestion and almost invariant sets in dynamical systems},
  author={Dellnitz, Michael and Preis, Robert},
  booktitle={Symbolic and Numerical Scientific Computation},
  pages={183--209},
  year={2003},
  publisher={Springer}
}

@book{bollobas1982graph,
      author        = {Bollob{\'a}s, B{\'e}la},
      title         = "{Advances in graph theory: annals of discrete
                       mathematics}",
      publisher     = "North-Holland",
      address       = "Amsterdam",
      series        = "Annals of Discrete Mathematics",
      year          = "1978",
}

@article{merris1994laplacian,
  title={Laplacian matrices of graphs: a survey},
  author={Merris, Russell},
  journal={Linear algebra and its applications},
  volume={197},
  pages={143--176},
  year={1994},
  publisher={Elsevier}
}

@book{strogatz2014nonlinear,
  title={Nonlinear dynamics and chaos: with applications to physics, biology, chemistry, and engineering},
  author={Strogatz, Steven H},
  year={2014},
  publisher={Westview press}
}

@inproceedings{acc_paper,
  title={Laplacian graph based approach for uncertainty quantification of large scale dynamical systems},
  author={Mukherjee, Arpan and Rai, Rahul and Singla, Puneet and Singh, Tarunraj and Patra, Abani},
  booktitle={American Control Conference (ACC), 2015},
  pages={3998--4003},
  year={2015},
  organization={IEEE}
}

@article{roberts1986stochastic,
  title={Stochastic averaging: an approximate method of solving random vibration problems},
  author={Roberts, JB and Spanos, PD},
  journal={International Journal of Non-Linear Mechanics},
  volume={21},
  number={2},
  pages={111--134},
  year={1986},
  publisher={Elsevier}
}

@book{fishman1996monte,
      author        = "Fishman, George S",
      title         = "{Monte carlo: concepts, algorithms, and applications}",
      publisher     = "Springer",
      address       = "New York",
      series        = "Springer Series in Operations Research",
      year          = "1996",
}

@inproceedings{julier1997new,
  title={A new extension of the Kalman filter to nonlinear systems},
  author={Julier, Simon J and Uhlmann, Jeffrey K},
  booktitle={Int. symp. aerospace/defense sensing, simul. and controls},
  volume={3},
  number={26},
  pages={3--2},
  year={1997},
  organization={Orlando, FL}
}

@article{melchers1989importance,
  title={Importance sampling in structural systems},
  author={Melchers, RE},
  journal={Structural safety},
  volume={6},
  number={1},
  pages={3--10},
  year={1989},
  publisher={Elsevier}
}

@book{stroud1966gaussian,
      author        = "Stroud, Arthur H and Secrest, Don",
      title         = "{Gaussian quadrature formulas}",
      publisher     = "Prentice-Hall",
      address       = "Englewood Cliffs, NJ",
      series        = "Prentice-Hall series in automatic computation",
      year          = "1966",
}

@article{xiu2002wiener,
  title={The Wiener--Askey polynomial chaos for stochastic differential equations},
  author={Xiu, Dongbin and Karniadakis, George Em},
  journal={SIAM Journal on Scientific Computing},
  volume={24},
  number={2},
  pages={619--644},
  year={2002},
  publisher={SIAM}
}

@inproceedings{adurthi2012conjugate,
  title={The conjugate unscented transformâ€”an approach to evaluate multi-dimensional expectation integrals},
  author={Adurthi, Nagavenkat and Singla, Puneet and Singh, Tarunraj},
  booktitle={American Control Conference (ACC), 2012},
  pages={5556--5561},
  year={2012},
  organization={IEEE}
}

@article{arasaratnam2009cubature,
  title={Cubature kalman filters},
  author={Arasaratnam, Ienkaran and Haykin, Simon},
  journal={Automatic Control, IEEE Transactions on},
  volume={54},
  number={6},
  pages={1254--1269},
  year={2009},
  publisher={IEEE}
}

@article{caflisch1998monte,
  title={Monte carlo and quasi-monte carlo methods},
  author={Caflisch, Russel E},
  journal={Acta numerica},
  volume={7},
  pages={1--49},
  year={1998},
  publisher={Cambridge Univ Press}
}