@book{strogatz2001nonlinear,
  title={Nonlinear dynamics and chaos: with applications to physics, biology and chemistry},
  author={Strogatz, Steven H},
  year={2001},
  publisher={Perseus publishing}
}

@article{morokoff1995quasi,
  title={Quasi-monte carlo integration},
  author={Morokoff, William J and Caflisch, Russel E},
  journal={Journal of computational physics},
  volume={122},
  number={2},
  pages={218--230},
  year={1995},
  publisher={Elsevier}
}

@book{iman2008latin,
  title={Latin hypercube sampling},
  author={Iman, Ronald L},
  year={2008},
  publisher={Wiley Online Library}
}

@phdthesis{leendertse1967aspects,
  title={Aspects of a computational model for long-period water-wave propagation},
  author={Leendertse, Jan J},
  year={1967},
  school={Rand Corporation Santa Monica}
}

@book{wesseling2009principles,
  title={Principles of computational fluid dynamics},
  author={Wesseling, Pieter},
  volume={29},
  year={2009},
  publisher={Springer Science \& Business Media}
}

@article{melchers1989importance,
  title={Importance sampling in structural systems},
  author={Melchers, RE},
  journal={Structural safety},
  volume={6},
  number={1},
  pages={3--10},
  year={1989},
  publisher={Elsevier}
}

@article{winful1988stability,
  title={Stability of phase locking in coupled semiconductor laser arrays},
  author={Winful, HG and Wang, SS},
  journal={Applied physics letters},
  volume={53},
  pages={1894--1896},
  year={1988}
}

@article{de2012efficient,
  title={Efficient evaluation of the direct and adjoint linearized dynamics from compressible flow solvers},
  author={De Pando, Miguel Fosas and Sipp, Denis and Schmid, Peter J},
  journal={Journal of Computational Physics},
  volume={231},
  number={23},
  pages={7739--7755},
  year={2012},
  publisher={Elsevier}
}

@article{li1992preferential,
  title={Preferential instability in arrays of coupled lasers},
  author={Li, Ruo-ding and Erneux, Thomas},
  journal={Physical Review A},
  volume={46},
  number={7},
  pages={4252},
  year={1992},
  publisher={APS}
}

@article{lax1956survey,
  title={Survey of the stability of linear finite difference equations},
  author={Lax, Peter D and Richtmyer, Robert D},
  journal={Communications on Pure and Applied Mathematics},
  volume={9},
  number={2},
  pages={267--293},
  year={1956},
  publisher={Wiley Online Library}
}

@article{xia2011clustering,
  title={Clustering in diffusively coupled networks},
  author={Xia, Weiguo and Cao, Ming},
  journal={Automatica},
  volume={47},
  number={11},
  pages={2395--2405},
  year={2011},
  publisher={Elsevier}
}

@article{meyer2012stochastic,
  title={Stochastic data clustering},
  author={Meyer, Carl D and Wessell, Charles D},
  journal={SIAM Journal on Matrix Analysis and Applications},
  volume={33},
  number={4},
  pages={1214--1236},
  year={2012},
  publisher={SIAM}
}

@inproceedings{shafeeq2012dynamic,
  title={Dynamic clustering of data with modified k-means algorithm},
  author={Shafeeq, Ahamed and Hareesha, KS},
  booktitle={Proceedings of the 2012 conference on information and computer networks},
  pages={221--225},
  year={2012}
}

@article{kaneko1990clustering,
  title={Clustering, coding, switching, hierarchical ordering, and control in a network of chaotic elements},
  author={Kaneko, Kunihiko},
  journal={Physica D: Nonlinear Phenomena},
  volume={41},
  number={2},
  pages={137--172},
  year={1990},
  publisher={Elsevier}
}

@article{sorrentino2015complete,
  title={Complete Characterization of Cluster Synchronization in Laplacian-Coupled Systems},
  author={Sorrentino, Francesco and Pecora, Louis M and Hagerstrom, Aaron M and Murphy, Thomas E and Roy, Rajarshi},
  journal={arXiv preprint arXiv:1507.04381},
  year={2015}
}

@article{lu2010cluster,
  title={Cluster synchronization in networks of coupled nonidentical dynamical systems},
  author={Lu, Wenlian and Liu, Bo and Chen, Tianping},
  journal={Chaos: An Interdisciplinary Journal of Nonlinear Science},
  volume={20},
  number={1},
  pages={013120},
  year={2010},
  publisher={AIP Publishing}
}

@article{kaneko1990globally,
  title={Globally coupled chaos violates the law of large numbers but not the central-limit theorem},
  author={Kaneko, Kunihiko},
  journal={Physical review letters},
  volume={65},
  number={12},
  pages={1391},
  year={1990},
  publisher={APS}
}

@article{everitt1972cluster,
  title={Cluster analysis: A brief discussion of some of the problems},
  author={Everitt, BS},
  journal={The British Journal of Psychiatry},
  volume={120},
  number={555},
  pages={143--145},
  year={1972},
  publisher={RCP}
}

@article{baraldi1999survey,
  title={A survey of fuzzy clustering algorithms for pattern recognition. I},
  author={Baraldi, Andrea and Blonda, Palma},
  journal={Systems, Man, and Cybernetics, Part B: Cybernetics, IEEE Transactions on},
  volume={29},
  number={6},
  pages={778--785},
  year={1999},
  publisher={IEEE}
}

@article{cormack1971review,
  title={A review of classification},
  author={Cormack, Richard M},
  journal={Journal of the Royal Statistical Society. Series A (General)},
  pages={321--367},
  year={1971},
  publisher={JSTOR}
}

@book{jain1988algorithms,
  title={Algorithms for clustering data},
  author={Jain, Anil K and Dubes, Richard C},
  year={1988},
  publisher={Prentice-Hall, Inc.}
}

@article{lancichinetti2008benchmark,
  title={Benchmark graphs for testing community detection algorithms},
  author={Lancichinetti, Andrea and Fortunato, Santo and Radicchi, Filippo},
  journal={Physical review E},
  volume={78},
  number={4},
  pages={046110},
  year={2008},
  publisher={APS}
}


@book{bishop2006pattern,
  title={Pattern recognition and machine learning},
  author={Bishop, Christopher M},
  year={2006},
  publisher={springer}
}

@article{sturn2002genesis,
  title={Genesis: cluster analysis of microarray data},
  author={Sturn, Alexander and Quackenbush, John and Trajanoski, Zlatko},
  journal={Bioinformatics},
  volume={18},
  number={1},
  pages={207--208},
  year={2002},
  publisher={Oxford Univ Press}
}

@article{eisen1998cluster,
  title={Cluster analysis and display of genome-wide expression patterns},
  author={Eisen, Michael B and Spellman, Paul T and Brown, Patrick O and Botstein, David},
  journal={Proceedings of the National Academy of Sciences},
  volume={95},
  number={25},
  pages={14863--14868},
  year={1998},
  publisher={National Acad Sciences}
}

@book{tryon1939cluster,
  title={Cluster analysis: correlation profile and orthometric (factor) analysis for the isolation of unities in mind and personality},
  author={Tryon, Robert Choate},
  year={1939},
  publisher={Edwards brother, Incorporated, lithoprinters and publishers}
}

@inproceedings{mukherjee2015laplacian,
  title={Laplacian graph based approach for uncertainty quantification of large scale dynamical systems},
  author={Mukherjee, Arpan and Rai, Rahul and Singla, Puneet and Singh, Tarunraj and Patra, Abani},
  booktitle={American Control Conference (ACC), 2015},
  pages={3998--4003},
  year={2015},
  organization={IEEE}
}

@inproceedings{idetcpaper,
  title={Non-Negative Matrix Factorization Based Uncertainty Quantification Method for Complex Networked Systems},
  author={Mukherjee, Arpan and Rai, Rahul and Singla, Puneet and Singh, Tarunraj and Patra, Abani},
  booktitle={ASME 2015 International Design Engineering Technical Conferences and Computers and Information in Engineering Conference},
  year={2015},
  organization={American Society of Mechanical Engineers}
}

@article{jcppaper,
  title={Identification of Weakly Connected Subsystems in Large Nonlinear System for Effective Uncertainty Quantification},
  author={Mukherjee, Arpan and Rai, Rahul and Singla, Puneet and Singh, Tarunraj and Patra, Abani},
  journal={Journal of computational Physics},
  year={2015},
  publisher={Elsevier}
}


@article{simon1961aggregation,
  title={Aggregation of variables in dynamic systems},
  author={Simon, Herbert A and Ando, Albert},
  journal={Econometrica: journal of the Econometric Society},
  pages={111--138},
  year={1961},
  publisher={JSTOR}
}

@article{friedman1946lange,
  title={Lange on Price Flexibility and Employment: A Metgodological Criticism},
  author={Friedman, Milton},
  journal={The American Economic Review},
  pages={613--631},
  year={1946},
  publisher={JSTOR}
}

@article{jain1999data,
  title={Data clustering: a review},
  author={Jain, Anil K and Murty, M Narasimha and Flynn, Patrick J},
  journal={ACM computing surveys (CSUR)},
  volume={31},
  number={3},
  pages={264--323},
  year={1999},
  publisher={Acm}
}

@inproceedings{meilǎ2005comparing,
  title={Comparing clusterings: an axiomatic view},
  author={Meilǎ, Marina},
  booktitle={Proceedings of the 22nd international conference on Machine learning},
  pages={577--584},
  year={2005},
  organization={ACM}
}

@article{nadler2006diffusion,
  title={Diffusion maps, spectral clustering and reaction coordinates of dynamical systems},
  author={Nadler, Boaz and Lafon, St{\'e}phane and Coifman, Ronald R and Kevrekidis, Ioannis G},
  journal={Applied and Computational Harmonic Analysis},
  volume={21},
  number={1},
  pages={113--127},
  year={2006},
  publisher={Elsevier}
}

@article{gibson1998clustering,
  title={Clustering categorical data: An approach based on dynamical systems},
  author={Gibson, David and Kleinberg, Jon and Raghavan, Prabhakar},
  journal={Databases},
  volume={1},
  year={1998},
  publisher={Citeseer}
}

@article{lu2010cluster,
  title={Cluster synchronization in networks of coupled nonidentical dynamical systems},
  author={Lu, Wenlian and Liu, Bo and Chen, Tianping},
  journal={Chaos: An Interdisciplinary Journal of Nonlinear Science},
  volume={20},
  number={1},
  pages={013120},
  year={2010},
  publisher={AIP Publishing}
}

@article{paatero1994positive,
  title={Positive matrix factorization: A non-negative factor model with optimal utilization of error estimates of data values},
  author={Paatero, Pentti and Tapper, Unto},
  journal={Environmetrics},
  volume={5},
  number={2},
  pages={111--126},
  year={1994},
  publisher={Wiley Online Library}
}

@article{rossler1976equation,
  title={An equation for continuous chaos},
  author={R{\"o}ssler, Otto E},
  journal={Physics Letters A},
  volume={57},
  number={5},
  pages={397--398},
  year={1976},
  publisher={Elsevier}
}

@article{milligan1985examination,
  title={An examination of procedures for determining the number of clusters in a data set},
  author={Milligan, Glenn W and Cooper, Martha C},
  journal={Psychometrika},
  volume={50},
  number={2},
  pages={159--179},
  year={1985},
  publisher={Springer}
}

@article{calinski1974dendrite,
  title={A dendrite method for cluster analysis},
  author={Cali{\'n}ski, Tadeusz and Harabasz, Jerzy},
  journal={Communications in Statistics-theory and Methods},
  volume={3},
  number={1},
  pages={1--27},
  year={1974},
  publisher={Taylor \& Francis}
}

@article{lee1999learning,
  title={Learning the parts of objects by non-negative matrix factorization},
  author={Lee, Daniel D and Seung, H Sebastian},
  journal={Nature},
  volume={401},
  number={6755},
  pages={788--791},
  year={1999},
  publisher={Nature Publishing Group}
}

@inproceedings{virtanen2008bayesian,
  title={Bayesian extensions to non-negative matrix factorisation for audio signal modelling},
  author={Virtanen, Tuomas and Cemgil, Ali Taylan and Godsill, Simon},
  booktitle={Acoustics, Speech and Signal Processing, 2008. ICASSP 2008. IEEE International Conference on},
  pages={1825--1828},
  year={2008},
  organization={IEEE}
}

@article{psorakis2011overlapping,
  title={Overlapping community detection using bayesian non-negative matrix factorization},
  author={Psorakis, Ioannis and Roberts, Stephen and Ebden, Mark and Sheldon, Ben},
  journal={Physical Review E},
  volume={83},
  number={6},
  pages={066114},
  year={2011},
  publisher={APS}
}

@incollection{schmidt2009bayesian,
  title={Bayesian non-negative matrix factorization},
  author={Schmidt, Mikkel N and Winther, Ole and Hansen, Lars Kai},
  booktitle={Independent Component Analysis and Signal Separation},
  pages={540--547},
  year={2009},
  publisher={Springer}
}


@article{van1920theory,
  title={A theory of the amplitude of free and forced triode vibrations},
  author={Van der Pol, B},
  journal={Radio Review},
  volume={1},
  number={1920},
  pages={701--710},
  year={1920}
}

@article{wang2011community,
  title={Community discovery using nonnegative matrix factorization},
  author={Wang, Fei and Li, Tao and Wang, Xin and Zhu, Shenghuo and Ding, Chris},
  journal={Data Mining and Knowledge Discovery},
  volume={22},
  number={3},
  pages={493--521},
  year={2011},
  publisher={Springer}
}

@inproceedings{ding2005equivalence,
  title={On the Equivalence of Nonnegative Matrix Factorization and Spectral Clustering.},
  author={Ding, Chris HQ and He, Xiaofeng and Simon, Horst D},
  booktitle={SDM},
  volume={5},
  pages={606--610},
  year={2005},
  organization={SIAM}
}

@article{cemgil2009bayesian,
  title={Bayesian inference for nonnegative matrix factorisation models},
  author={Cemgil, Ali Taylan},
  journal={Computational Intelligence and Neuroscience},
  volume={2009},
  year={2009},
  publisher={Hindawi Publishing Corporation}
}

@inproceedings{zass2005unifying,
  title={A unifying approach to hard and probabilistic clustering},
  author={Zass, Ron and Shashua, Amnon},
  booktitle={Computer Vision, 2005. ICCV 2005. Tenth IEEE International Conference on},
  volume={1},
  pages={294--301},
  year={2005},
  organization={IEEE}
}

@article{luchtenburg2014long,
  title={Long-time uncertainty propagation using generalized polynomial chaos and flow map composition},
  author={Luchtenburg, Dirk M and Brunton, Steven L and Rowley, Clarence W},
  journal={Journal of Computational Physics},
  volume={274},
  pages={783--802},
  year={2014},
  publisher={Elsevier}
}

@article{najm2014enforcing,
  title={Enforcing positivity in intrusive PC-UQ methods for reactive ODE systems},
  author={Najm, Habib N and Valorani, Mauro},
  journal={Journal of Computational Physics},
  volume={270},
  pages={544--569},
  year={2014},
  publisher={Elsevier}
}

@article{xiu2003modeling,
  title={Modeling uncertainty in flow simulations via generalized polynomial chaos},
  author={Xiu, Dongbin and Karniadakis, George Em},
  journal={Journal of computational physics},
  volume={187},
  number={1},
  pages={137--167},
  year={2003},
  publisher={Elsevier}
}

@article{ji2012adaptive,
  title={Adaptive lag synchronization for uncertain complex dynamical network with delayed coupling},
  author={Ji, DH and Jeong, SC and Park, Ju H and Lee, Sang-Moon and Won, SC},
  journal={Applied Mathematics and Computation},
  volume={218},
  number={9},
  pages={4872--4880},
  year={2012},
  publisher={Elsevier}
}


@article{wan2005adaptive,
  title={An adaptive multi-element generalized polynomial chaos method for stochastic differential equations},
  author={Wan, Xiaoliang and Karniadakis, George Em},
  journal={Journal of Computational Physics},
  volume={209},
  number={2},
  pages={617--642},
  year={2005},
  publisher={Elsevier}
}

@article{paffrath2007adapted,
  title={Adapted polynomial chaos expansion for failure detection},
  author={Paffrath, Meinhard and Wever, Utz},
  journal={Journal of Computational Physics},
  volume={226},
  number={1},
  pages={263--281},
  year={2007},
  publisher={Elsevier}
}

@article{beran2006uncertainty,
  title={Uncertainty quantification of limit-cycle oscillations},
  author={Beran, Philip S and Pettit, Chris L and Millman, Daniel R},
  journal={Journal of Computational Physics},
  volume={217},
  number={1},
  pages={217--247},
  year={2006},
  publisher={Elsevier}
}

@article{wang2011two,
  title={Two-level discretizations of nonlinear closure models for proper orthogonal decomposition},
  author={Wang, Zhu and Akhtar, Imran and Borggaard, Jeff and Iliescu, Traian},
  journal={Journal of Computational Physics},
  volume={230},
  number={1},
  pages={126--146},
  year={2011},
  publisher={Elsevier}
}

@article{carlberg2013gnat,
  title={The GNAT method for nonlinear model reduction: effective implementation and application to computational fluid dynamics and turbulent flows},
  author={Carlberg, Kevin and Farhat, Charbel and Cortial, Julien and Amsallem, David},
  journal={Journal of Computational Physics},
  volume={242},
  pages={623--647},
  year={2013},
  publisher={Elsevier}
}

@inproceedings{salvador2004determining,
  title={Determining the number of clusters/segments in hierarchical clustering/segmentation algorithms},
  author={Salvador, Stan and Chan, Philip},
  booktitle={Tools with Artificial Intelligence, 2004. ICTAI 2004. 16th IEEE International Conference on},
  pages={576--584},
  year={2004},
  organization={IEEE}
}

@inproceedings{lee2007comparative,
  title={A comparative study of uncertainty propagation methods for black-box type functions},
  author={Lee, Sang Hoon and Chen, Wei},
  booktitle={ASME 2007 International Design Engineering Technical Conferences and Computers and Information in Engineering Conference},
  pages={1275--1284},
  year={2007},
  organization={American Society of Mechanical Engineers}
}

@article{steindl2001methods,
  title={Methods for dimension reduction and their application in nonlinear dynamics},
  author={Steindl, Alois and Troger, Hans},
  journal={International Journal of Solids and Structures},
  volume={38},
  number={10},
  pages={2131--2147},
  year={2001},
  publisher={Elsevier}
}

@article{wojtkiewicz2011efficient,
  title={Efficient uncertainty quantification of dynamical systems with local nonlinearities and uncertainties},
  author={Wojtkiewicz, SF and Johnson, EA and others},
  journal={Probabilistic engineering mechanics},
  volume={26},
  number={4},
  pages={561--569},
  year={2011},
  publisher={Elsevier}
}

@article{xiu2002wiener,
  title={The Wiener--Askey polynomial chaos for stochastic differential equations},
  author={Xiu, Dongbin and Karniadakis, George Em},
  journal={SIAM Journal on Scientific Computing},
  volume={24},
  number={2},
  pages={619--644},
  year={2002},
  publisher={SIAM}
}

@article{rahman2004univariate,
  title={A univariate dimension-reduction method for multi-dimensional integration in stochastic mechanics},
  author={Rahman, S and Xu, H},
  journal={Probabilistic Engineering Mechanics},
  volume={19},
  number={4},
  pages={393--408},
  year={2004},
  publisher={Elsevier}
}

@inproceedings{runolfsson2005towards,
  title={Towards Model Simplification of Uncertain Complex Dynamical Systems},
  author={Runolfsson, Thordur},
  booktitle={ASME 2005 International Design Engineering Technical Conferences and Computers and Information in Engineering Conference},
  pages={909--914},
  year={2005},
  organization={American Society of Mechanical Engineers}
}

@inproceedings{hoyle2011multi,
  title={Multi-Stage Uncertainty Quantification for Verifying the Correctness of Complex System Designs},
  author={Hoyle, Christopher and Tumer, Irem Y and Kurtoglu, Tolga and Chen, Wei},
  booktitle={ASME 2011 International Design Engineering Technical Conferences and Computers and Information in Engineering Conference},
  pages={1169--1178},
  year={2011},
  organization={American Society of Mechanical Engineers}
}


@inproceedings{gonzalez2014dynamic,
  title={Dynamic behavior and synchronization of an automobile as a complex system},
  author={Gonz{\'a}lez-Cruz, Claudia A and J{\'a}uregui-Correa, Juan C and L{\'o}pez-Caj{\'u}n, Carlos S and Sen, Mihir},
  booktitle={ASME 2014 12th Biennial Conference on Engineering Systems Design and Analysis},
  pages={V001T02A003--V001T02A003},
  year={2014},
  organization={American Society of Mechanical Engineers}
}

@inproceedings{sandu2004treating,
  title={Treating uncertainties in multibody dynamic systems using a polynomial chaos spectral decomposition},
  author={Sandu, Corina and Sandu, Adrian and Chan, Brendan J and Ahmadian, Mehdi},
  booktitle={ASME 2004 International Mechanical Engineering Congress and Exposition},
  pages={821--829},
  year={2004},
  organization={American Society of Mechanical Engineers}
}

@article{laxalde2009complex,
  title={Complex non-linear modal analysis for mechanical systems: Application to turbomachinery bladings with friction interfaces},
  author={Laxalde, Denis and Thouverez, Fabrice},
  journal={Journal of sound and vibration},
  volume={322},
  number={4},
  pages={1009--1025},
  year={2009},
  publisher={Elsevier}
}

@article{krack2013reduced,
  title={Reduced order modeling based on complex nonlinear modal analysis and its application to bladed disks with shroud contact},
  author={Krack, Malte and Panning-von Scheidt, Lars and Wallaschek, J{\"o}rg and Siewert, Christian and Hartung, Andreas},
  journal={Journal of Engineering for Gas Turbines and Power},
  volume={135},
  number={10},
  pages={102502},
  year={2013},
  publisher={American Society of Mechanical Engineers}
}

@article{matthies2003nonlinear,
  title={Nonlinear Galerkin methods for the model reduction of nonlinear dynamical systems},
  author={Matthies, Hermann G and Meyer, Marcus},
  journal={Computers \& structures},
  volume={81},
  number={12},
  pages={1277--1286},
  year={2003},
  publisher={Elsevier}
}

@article{caflisch1998monte,
  title={Monte carlo and quasi-monte carlo methods},
  author={Caflisch, Russel E},
  journal={Acta numerica},
  volume={7},
  pages={1--49},
  year={1998},
  publisher={Cambridge Univ Press}
}

@article{wolfowitz1963products,
  title={Products of indecomposable, aperiodic, stochastic matrices},
  author={Wolfowitz, Jacob},
  journal={Proceedings of the American Mathematical Society},
  volume={14},
  number={5},
  pages={733--737},
  year={1963},
  publisher={JSTOR}
}

@article{ma1996explicit,
  title={Explicit and exact solutions to a Kolmogorov-Petrovskii-Piskunov equation},
  author={Ma, Wen-Xiu and Fuchssteiner, B},
  journal={International Journal of Non-Linear Mechanics},
  volume={31},
  number={3},
  pages={329--338},
  year={1996},
  publisher={Elsevier}
}

@article{rabinowitz1971note,
  title={A note on a nonlinear eigenvalue problem for a class of differential equations},
  author={Rabinowitz, Paul H},
  journal={Journal of Differential Equations},
  volume={9},
  number={3},
  pages={536--548},
  year={1971},
  publisher={Elsevier}
}

@article{bressan2005global,
  title={Global Solutions of the Hunter--Saxton Equation},
  author={Bressan, Alberto and Constantin, Adrian},
  journal={SIAM journal on mathematical analysis},
  volume={37},
  number={3},
  pages={996--1026},
  year={2005},
  publisher={SIAM}
}

@article{holden2007convergent,
  title={Convergent difference schemes for the Hunter--Saxton equation},
  author={Holden, Helge and Karlsen, K and Risebro, N},
  journal={Mathematics of Computation},
  volume={76},
  number={258},
  pages={699--744},
  year={2007}
}

@article{hunter1991dynamics,
  title={Dynamics of director fields},
  author={Hunter, John K and Saxton, Ralph},
  journal={SIAM Journal on Applied Mathematics},
  volume={51},
  number={6},
  pages={1498--1521},
  year={1991},
  publisher={SIAM}
}

@article{brazhnik1999traveling,
  title={On traveling wave solutions of Fisher's equation in two spatial dimensions},
  author={Brazhnik, Pavel K and Tyson, John J},
  journal={SIAM Journal on Applied Mathematics},
  pages={371--391},
  year={1999},
  publisher={JSTOR}
}

@article{kutluay1999numerical,
  title={Numerical solution of one-dimensional Burgers equation: explicit and exact-explicit finite difference methods},
  author={Kutluay, S and Bahadir, AR and {\"O}zde{\c{s}}, A},
  journal={Journal of Computational and Applied Mathematics},
  volume={103},
  number={2},
  pages={251--261},
  year={1999},
  publisher={Elsevier}
}

@article{wang1988exact,
  title={Exact and explicit solitary wave solutions for the generalised Fisher equation},
  author={Wang, XY},
  journal={Physics Letters A},
  volume={131},
  number={4},
  pages={277--279},
  year={1988},
  publisher={Elsevier}
}

@article{zhao2004fisher,
  title={Fisher waves in an epidemic model},
  author={Zhao, Xiao-Qiang and Wang, Wendi},
  journal={DISCRETE AND CONTINUOUS DYNAMICAL SYSTEMS SERIES B},
  volume={4},
  pages={1117--1128},
  year={2004},
  publisher={AIMS PRESS}
}

@article{yab1985mathematical,
  title={The mathematical theory of combustion and explosions},
  author={YaB, Zeldovich and Barenblatt, GI and Librovich, VB and Makhviladze, GM},
  journal={Consultants Bureau, New York},
  pages={331},
  year={1985}
}

@article{heagy1994synchronous,
  title={Synchronous chaos in coupled oscillator systems},
  author={Heagy, JF and Carroll, TL and Pecora, LM},
  journal={Physical Review E},
  volume={50},
  number={3},
  pages={1874},
  year={1994},
  publisher={APS}
}

@article{kenkre2004results,
  title={Results from variants of the Fisher equation in the study of epidemics and bacteria},
  author={Kenkre, VM},
  journal={Physica A: Statistical Mechanics and its Applications},
  volume={342},
  number={1},
  pages={242--248},
  year={2004},
  publisher={Elsevier}
}

@article{fisher1937wave,
  title={The wave of advance of advantageous genes},
  author={Fisher, Ronald Aylmer},
  journal={Annals of Eugenics},
  volume={7},
  number={4},
  pages={355--369},
  year={1937},
  publisher={Wiley Online Library}
}

@article{clothier1981burgers,
  title={BURGERS'EQUATION: APPLICATION TO FIELD CONSTANT-FLUX INFILTRATION.},
  author={Clothier, BE and Knight, JH and White, I},
  journal={Soil Science},
  volume={132},
  number={4},
  pages={255--261},
  year={1981},
  publisher={LWW}
}

@article{arminjon1978finite,
  title={A finite element method for Burgers' equation in hydrodynamics},
  author={Arminjon, Paul and Beauchamp, Cladue},
  journal={International Journal for Numerical Methods in Engineering},
  volume={12},
  number={3},
  pages={415--428},
  year={1978},
  publisher={Wiley Online Library}
}


@article{hon1998efficient,
  title={An efficient numerical scheme for Burgers' equation},
  author={Hon, YC and Mao, XZ},
  journal={Applied Mathematics and Computation},
  volume={95},
  number={1},
  pages={37--50},
  year={1998},
  publisher={Elsevier}
}

@article{parkes1997travelling,
  title={Travelling solitary wave solutions to a compound KdV-Burgers equation},
  author={Parkes, EJ and Duffy, BR},
  journal={Physics Letters A},
  volume={229},
  number={4},
  pages={217--220},
  year={1997},
  publisher={Elsevier}
}

@article{wang1996exact,
  title={Exact solutions for a compound KdV-Burgers equation},
  author={Wang, Mingliang},
  journal={Physics Letters A},
  volume={213},
  number={5},
  pages={279--287},
  year={1996},
  publisher={Elsevier}
}

@book{schiesser1991numerical,
  title={The numerical method of lines},
  author={Schiesser, William E},
  year={1991},
  publisher={Academic Press}
}

@incollection{georgiou1992linear,
  title={Linear systems and robustness: a graph point of view},
  author={Georgiou, Tryphon T and Smith, Malcolm C},
  booktitle={Robust Control},
  pages={114--121},
  year={1992},
  publisher={Springer}
}

@article{fiedler1973algebraic,
  title={Algebraic connectivity of graphs},
  author={Fiedler, Miroslav},
  journal={Czechoslovak Mathematical Journal},
  volume={23},
  number={2},
  pages={298--305},
  year={1973},
  publisher={Institute of Mathematics, Academy of Sciences of the Czech Republic}
}

@article{fiedler1975property,
  title={A property of eigenvectors of nonnegative symmetric matrices and its application to graph theory},
  author={Fiedler, Miroslav},
  journal={Czechoslovak Mathematical Journal},
  volume={25},
  number={4},
  pages={619--633},
  year={1975},
  publisher={Institute of Mathematics, Academy of Sciences of the Czech Republic}
}

@article{callier1976input,
  title={Input-output stability theory of interconnected systems using decomposition techniques},
  author={Callier, Frank M and Chan, WS and DeSoer, Charles A},
  journal={Circuits and Systems, IEEE Transactions on},
  volume={23},
  number={12},
  pages={714--729},
  year={1976},
  publisher={IEEE}
}

@article{fujimoto2012analytical,
  title={Analytical nonlinear propagation of uncertainty in the two-body problem},
  author={Fujimoto, K and Scheeres, DJ and Alfriend, KT},
  journal={Journal of Guidance, Control, and Dynamics},
  volume={35},
  number={2},
  pages={497--509},
  year={2012}
}

@article{demars2013entropy,
  title={Entropy-Based Approach for Uncertainty Propagation of Nonlinear Dynamical Systems},
  author={DeMars, Kyle J and Bishop, Robert H and Jah, Moriba K},
  journal={Journal of Guidance, Control, and Dynamics},
  volume={36},
  number={4},
  pages={1047--1057},
  year={2013},
  publisher={American Institute of Aeronautics and Astronautics}
}

@article{mezic2008uncertainty,
  title={Uncertainty propagation in dynamical systems},
  author={Mezi{\'c}, Igor and Runolfsson, Thordur},
  journal={Automatica},
  volume={44},
  number={12},
  pages={3003--3013},
  year={2008},
  publisher={Elsevier}
}

@inproceedings{mezic2004coupled,
  title={Coupled nonlinear dynamical systems: Asymptotic behavior and uncertainty propagation},
  author={Mezic, Igor},
  booktitle={Decision and Control, 2004. CDC. 43rd IEEE Conference on},
  volume={2},
  pages={1778--1783},
  year={2004},
  organization={IEEE}
}

@article{Katok1995,
      author        = "Katok, Anatole and Hasselblatt, Boris",
      title         = "{Introduction to the modern theory of dynamical systems}",
      publisher     = "Cambridge Univ. Press",
      address       = "Cambridge",
      series        = "Encyclopaedia of mathematics and its applications",
      year          = "1995",
}

@inproceedings{lorenz1996predictability,
  title={Predictability: A problem partly solved},
  author={Lorenz, Edward N},
  booktitle={Proc. Seminar on predictability},
  volume={1},
  number={1},
  year={1996}
}

@article{wilks2005effects,
  title={Effects of stochastic parametrizations in the Lorenz'96 system},
  author={Wilks, Daniel S},
  journal={Quarterly Journal of the Royal Meteorological Society},
  volume={131},
  number={606},
  pages={389--407},
  year={2005},
  publisher={Wiley Online Library}
}

@book{jazwinski2007stochastic,
      author        = "Jazwinski, Andrew H",
      title         = "{Stochastic processes and filtering theory}",
      publisher     = "Elsevier",
      address       = "Burlington, MA",
      series        = "Mathematics in Science and Engineering",
      year          = "1970",
}


@article{arasaratnam2009cubature,
  title={Cubature kalman filters},
  author={Arasaratnam, Ienkaran and Haykin, Simon},
  journal={Automatic Control, IEEE Transactions on},
  volume={54},
  number={6},
  pages={1254--1269},
  year={2009},
  publisher={IEEE}
}

@inproceedings{julier1997new,
  title={A new extension of the Kalman filter to nonlinear systems},
  author={Julier, Simon J and Uhlmann, Jeffrey K},
  booktitle={Int. symp. aerospace/defense sensing, simul. and controls},
  volume={3},
  number={26},
  pages={3--2},
  year={1997},
  organization={Orlando, FL}
}


@book{stroud1966gaussian,
      author        = "Stroud, Arthur H and Secrest, Don",
      title         = "{Gaussian quadrature formulas}",
      publisher     = "Prentice-Hall",
      address       = "Englewood Cliffs, NJ",
      series        = "Prentice-Hall series in automatic computation",
      year          = "1966",
}

@book{fishman1996monte,
      author        = "Fishman, George S",
      title         = "{Monte carlo: concepts, algorithms, and applications}",
      publisher     = "Springer",
      address       = "New York",
      series        = "Springer Series in Operations Research",
      year          = "1996",
}

@misc{perkodifferential,
  title={Differential equations and dynamical systems, 1991},
  author={Perko, L},
  publisher={Springer-Verlag, New York}
}

@inproceedings{casagrande2008hamiltonian,
  title={A Hamiltonian-based algorithm for measurements clustering},
  author={Casagrande, Daniele and Astolfi, Alessandro},
  booktitle={Decision and Control, 2008. CDC 2008. 47th IEEE Conference on},
  pages={3169--3174},
  year={2008},
  organization={IEEE}
}

@article{surana2012iterative,
  title={Iterative methods for scalable uncertainty quantification in complex networks},
  author={Surana, Amit and Sahai, Tuhin and Banaszuk, Andrzej},
  journal={International Journal for Uncertainty Quantification},
  volume={2},
  number={4},
  year={2012},
  publisher={Begel House Inc.}
}

@article{oseledec1968multiplicative,
  title={A multiplicative ergodic theorem. Lyapunov characteristic numbers for dynamical systems},
  author={Oseledec, Valery Iustinovich},
  journal={Trans. Moscow Math. Soc},
  volume={19},
  number={2},
  pages={197--231},
  year={1968}
}

@article{shadden2005definition,
  title={Definition and properties of Lagrangian coherent structures from finite-time Lyapunov exponents in two-dimensional aperiodic flows},
  author={Shadden, Shawn C and Lekien, Francois and Marsden, Jerrold E},
  journal={Physica D: Nonlinear Phenomena},
  volume={212},
  number={3},
  pages={271--304},
  year={2005},
  publisher={Elsevier}
}

@article{abarbanel1991variation,
  title={Variation of Lyapunov exponents on a strange attractor},
  author={Abarbanel, Henry DI and Brown, Reggie and Kennel, Matthew B},
  journal={Journal of Nonlinear Science},
  volume={1},
  number={2},
  pages={175--199},
  year={1991},
  publisher={Springer}
}


@article{eckmann1985ergodic,
  title={Ergodic theory of chaos and strange attractors},
  author={Eckmann, J-P and Ruelle, David},
  journal={Reviews of modern physics},
  volume={57},
  number={3},
  pages={617},
  year={1985},
  publisher={APS}
}


@article{strogatz2000kuramoto,
  title={From Kuramoto to Crawford: exploring the onset of synchronization in populations of coupled oscillators},
  author={Strogatz, Steven H},
  journal={Physica D: Nonlinear Phenomena},
  volume={143},
  number={1},
  pages={1--20},
  year={2000},
  publisher={Elsevier}
}

@article{ermentrout1998minimal,
  title={Minimal model of oscillations and waves in the Limax olfactory lobe with tests of the model's predictive power},
  author={Ermentrout, Bard and Flores, Jorge and Gelperin, Alan},
  journal={Journal of neurophysiology},
  volume={79},
  number={5},
  pages={2677--2689},
  year={1998},
  publisher={Am Physiological Soc}
}

@article{kopell1986symmetry,
  title={Symmetry and phaselocking in chains of weakly coupled oscillators},
  author={Kopell, Nancy and Ermentrout, GB},
  journal={Communications on Pure and Applied Mathematics},
  volume={39},
  number={5},
  pages={623--660},
  year={1986},
  publisher={Wiley Online Library}
}

@article{cohen1982nature,
  title={The nature of the coupling between segmental oscillators of the lamprey spinal generator for locomotion: a mathematical model},
  author={Cohen, Avis H and Holmes, Philip J and Rand, Richard H},
  journal={Journal of mathematical biology},
  volume={13},
  number={3},
  pages={345--369},
  year={1982},
  publisher={Springer}
}

@article{winfree1967biological,
  title={Biological rhythms and the behavior of populations of coupled oscillators},
  author={Winfree, Arthur T},
  journal={Journal of theoretical biology},
  volume={16},
  number={1},
  pages={15--42},
  year={1967},
  publisher={Elsevier}
}

@article{mirollo1990synchronization,
  title={Synchronization of pulse-coupled biological oscillators},
  author={Mirollo, Renato E and Strogatz, Steven H},
  journal={SIAM Journal on Applied Mathematics},
  volume={50},
  number={6},
  pages={1645--1662},
  year={1990},
  publisher={SIAM}
}

@article{afraimovich1997synchronization,
  title={Synchronization in lattices of coupled oscillators},
  author={Afraimovich, VS and Chow, S-N and Hale, JK},
  journal={Physica D: Nonlinear Phenomena},
  volume={103},
  number={1},
  pages={442--451},
  year={1997},
  publisher={Elsevier}
}

@article{terejanu2011adaptive,
  title={Adaptive Gaussian sum filter for nonlinear Bayesian estimation},
  author={Terejanu, Gabriel and Singla, Puneet and Singh, Tarunraj and Scott, Peter D},
  journal={Automatic Control, IEEE Transactions on},
  volume={56},
  number={9},
  pages={2151--2156},
  year={2011},
  publisher={IEEE}
}

@article{georgiou2015multi,
  title={Multi-physics dynamics of a mechanical oscillator coupled to an electro-magnetic circuit},
  author={Georgiou, Ioannis T and Romeo, Francesco},
  journal={International Journal of Non-Linear Mechanics},
  volume={70},
  pages={153--164},
  year={2015},
  publisher={Elsevier}
}

@article{silver1967multiple,
  title={Multiple quantum resonance spectroscopy through weakly connected superconductors},
  author={Silver, AH and Zimmerman, JE},
  journal={Applied Physics Letters},
  volume={10},
  number={5},
  pages={142--145},
  year={1967},
  publisher={AIP Publishing}
}

@article{fujisaka1983stability,
  title={Stability theory of synchronized motion in coupled-oscillator systems},
  author={Fujisaka, Hirokazu and Yamada, Tomoji},
  journal={Progress of Theoretical Physics},
  volume={69},
  number={1},
  pages={32--47},
  year={1983},
  publisher={Oxford University Press}
}

@book{martynyuk2012weakly,
  title={Weakly connected nonlinear systems: boundedness and stability of motion},
  author={Martynyuk, Anatoly and Chernetskaya, Larisa and Martynyuk, Vladislav},
  year={2012},
  publisher={CRC Press}
}

@article{belykh1993chaotic,
  title={On chaotic synchronization in a linear array of Chua's circuits},
  author={Belykh, VN and Verichev, NN and Kocarev, LJ and Chua, Leon O},
  journal={Journal of circuits, systems, and computers},
  volume={3},
  number={02},
  pages={579--589},
  year={1993},
  publisher={World Scientific}
}

@article{hale1997diffusive,
  title={Diffusive coupling, dissipation, and synchronization},
  author={Hale, Jack K},
  journal={Journal of Dynamics and Differential Equations},
  volume={9},
  number={1},
  pages={1--52},
  year={1997},
  publisher={Springer}
}

@article{von2007tutorial,
  title={A tutorial on spectral clustering},
  author={Von Luxburg, Ulrike},
  journal={Statistics and computing},
  volume={17},
  number={4},
  pages={395--416},
  year={2007},
  publisher={Springer}
}

@article{shi2000normalized,
  title={Normalized cuts and image segmentation},
  author={Shi, Jianbo and Malik, Jitendra},
  journal={Pattern Analysis and Machine Intelligence, IEEE Transactions on},
  volume={22},
  number={8},
  pages={888--905},
  year={2000},
  publisher={IEEE}
}

@inproceedings{mezic2004uncertainty,
  title={Uncertainty analysis of complex dynamical systems},
  author={Mezic, Igor and Runolfsson, Thordur},
  booktitle={American Control Conference, 2004. Proceedings of the 2004},
  volume={3},
  pages={2659--2664},
  year={2004},
  organization={IEEE}
}

@inproceedings{varigonda2004graph,
  title={Graph decomposition methods for uncertainty propagation in complex, nonlinear interconnected dynamical systems},
  author={Varigonda, Subbarao and Kalm{\'a}r-N{\'a}gy, Tam{\'a}s and LaBarre, Bob and Mezic, Igor},
  booktitle={Decision and Control, 2004. CDC. 43rd IEEE Conference on},
  volume={2},
  pages={1794--1798},
  year={2004},
  organization={IEEE}
}

@article{merris1994laplacian,
  title={Laplacian matrices of graphs: a survey},
  author={Merris, Russell},
  journal={Linear algebra and its applications},
  volume={197},
  pages={143--176},
  year={1994},
  publisher={Elsevier}
}

@book{bollobas1982graph,
      author        = {Bollob{\'a}s, B{\'e}la},
      title         = "{Advances in graph theory: annals of discrete
                       mathematics}",
      publisher     = "North-Holland",
      address       = "Amsterdam",
      series        = "Annals of Discrete Mathematics",
      year          = "1978",
}
}

@article{mohar1991laplacian,
  title={The Laplacian spectrum of graphs},
  author={Mohar, Bojan and Alavi, Y},
  journal={Graph theory, combinatorics, and applications},
  volume={2},
  pages={871--898},
  year={1991}
}

@book{chung1997spectral,
  title={Spectral graph theory},
  author={Chung, Fan RK},
  volume={92},
  year={1997},
  publisher={American Mathematical Soc.}
}

@incollection{dellnitz2003congestion,
  title={Congestion and almost invariant sets in dynamical systems},
  author={Dellnitz, Michael and Preis, Robert},
  booktitle={Symbolic and Numerical Scientific Computation},
  pages={183--209},
  year={2003},
  publisher={Springer}
}

@inproceedings{casagrande2009estimation,
  title={Estimation of the dynamics of two-dimensional clusters},
  author={Casagrande, Daniele and Sassano, M and Astolfi, Alessandro},
  booktitle={American Control Conference, 2009. ACC'09.},
  pages={5428--5433},
  year={2009},
  organization={IEEE}
}

@article{casagrande2012hamiltonian,
  title={Hamiltonian-based clustering: Algorithms for static and dynamic clustering in data mining and image processing},
  author={Casagrande, Daniele and Sassano, Mario and Astolfi, Alessandro},
  journal={Control Systems, IEEE},
  volume={32},
  number={4},
  pages={74--91},
  year={2012},
  publisher={IEEE}
}